2834 4596
233 259 273 321 58

192 424 335 505 ligimus,
369 443 507 489 munere
540 444 602 490 suo
636 425 758 489 l'ortius
791 425 943 508 perfungi
970 429 1006 490 et
1033 425 1225 491 accuratius
1249 443 1303 490 ne·

192 559 287 607 cesse
308 545 373 607 est.

276 662 415 727 Ceteras
437 664 553 724 autem
576 660 737 740 syllabas
761 678 836 741 (luae
856 662 918 725 hac
940 677 1020 725 cum
1043 678 1109 725 non
1133 660 1305 740 fruuntur,

191 783 227 845 et
250 780 362 844 minus
385 777 491 841 audiri
514 780 549 840 et
574 778 703 842 minore
736 777 1093 859 accurationeeffingi
1125 782 1306 843 consenta-

192 915 293 963 neum
326 900 389 960 est.
435 895 556 975 ltaque
590 895 717 958 sensim
746 896 786 959 tlt
809 894 956 959 mutatio
990 895 1145 975 quaedam
1179 896 1306 977 linguae

196 1017 337 1079 accentu
360 1011 585 1092 exspiratorio
609 1013 748 1091 utentis,
772 1030 846 1092 quae
869 1013 978 1092 magis
1000 1012 1043 1075 ad
1066 1013 1217 1094 syllabas
1238 1031 1307 1079 non

195 1133 415 1196 accentuatas
438 1130 595 1210 pertinet.
639 1130 717 1194 Seni
741 1130 840 1208 enim,
878 1129 933 1210 qui
956 1130 1093 1194 auribus
1116 1131 1229 1195 minus
1252 1149 1311 1196 ex·

193 1248 371 1328 cilluntur,
395 1246 570 1325 excidunt;
593 1251 628 1311 et
650 1248 700 1311 ita
722 1248 852 1311 ultimae
874 1251 997 1327 praeter
1013 1250 1145 1311 ceteras
1161 1247 1310 1329 syllabae

196 1364 329 1429 detritae
352 1368 571 1443 evanescunt,
596 1364 624 1426 si
647 1365 754 1445 longae
771 1367 862 1442 sunt,
883 1365 1117 1444 corripiuntur.
1150 1365 1193 1429 Et
1216 1369 1311 1430 tran·

194 1481 282 1545 situs
305 1498 465 1546 sonorum
488 1483 591 1559 fiunt;
625 1482 736 1547 itaut
759 1482 843 1560 soni,
874 1483 931 1562 qui
958 1482 1167 1546 commodius
1190 1485 1226 1546 et
1249 1483 1311 1547 mi-

193 1614 273 1662 nore
294 1615 373 1663 cura
402 1599 613 1679 pronuntiari
640 1602 796 1684 possunt,
829 1616 898 1676 eos,
922 1598 978 1678 qui
1005 1598 1166 1679 majorem
1191 1604 1312 1679 postu·

194 1715 269 1779 lant
292 1715 515 1796 diligentiam,
549 1719 740 1780 emoveant.
785 1716 924 1796 Syllaba
957 1716 1061 1779 etiam
1094 1719 1313 1797 accentuata,

194 1849 296 1913 quam
333 1834 442 1914 magis
466 1835 617 1898 tuebitur
639 1850 693 1896 res
715 1835 800 1913 insa,
833 1833 1002 1897 transitus
1035 1832 1201 1912 ejusmodi
1235 1835 1313 1914 pati

193 1953 319 2031 potest.

278 2077 401 2157 Quodsi
426 2078 574 2159 linguam
597 2094 674 2141 esse
697 2076 916 2154 intelligimus
940 2076 1092 2139 accentui
1115 2075 1215 2140 modo
1237 2094 1312 2140 mu·

199 2192 291 2257 sicali
326 2195 532 2274 studentem,
566 2213 641 2274 (ritae
674 2195 808 2274 quidem
843 2210 961 2256 omnes
994 2193 1146 2273 syllabas
1178 2192 1314 2273 profert

193 2312 311 2376 eadem
335 2313 428 2376 vocis
450 2312 676 2381 contentione,
700 2310 857 2375 facillime
883 2311 1012 2391 patebit
1039 2327 1124 2390 opus
1154 2310 1310 2388 ejusdem

194 2429 285 2492 modi
308 2429 541 2509 corrumpendi
564 2447 631 2492 non
653 2428 733 2492 fieri.

279 2562 420 2626 Penitus
443 2564 544 2644 igitur
567 2563 638 2626 haec
660 2562 814 2643 cognosci
849 2578 988 2626 necesse
1015 2563 1079 2638 cst,
1113 2576 1199 2639 quas
1227 2577 1312 2640 prae·

193 2681 297 2743 beant
319 2681 537 2760 mutationes,

279 2815 310 2886 a)
332 2813 455 2893 linguae
489 2813 640 2892 syllabae,
675 2832 750 2893 quae
789 2815 870 2877 sunt
907 2816 987 2875 ante
1019 2813 1212 2888 accentum,
1251 2812 1312 2891 qui

194 2931 458 3012 exspiraturium
480 2933 637 3004 vocatum

280 3065 312 3136 b)
336 3063 486 3144 syllabae,
510 3081 585 3144 (luae
608 3065 695 3127 hunc
718 3066 897 3126 accentum
920 3063 1048 3139 ferunt3

279 3200 306 3272 c)
329 3198 479 3280 syllaba,
503 3217 578 3278 quae
604 3199 684 3278 post
711 3196 804 3260 illum
832 3199 923 3276 sunt,
956 3199 991 3259 et
1019 3199 1142 3276 prater
1176 3197 1311 3260 ceteras

193 3317 341 3393 ultimae;

286 3451 317 3523 d)
339 3449 496 3531 migratio
518 3452 678 3512 accentus
701 3465 721 3510 a
744 3447 876 3526 syllaba
899 3446 940 3509 ad
964 3445 1118 3510 alteram.

283 3585 356 3648 Hoc
378 3583 419 3647 ad
444 3582 577 3663 singula
599 3583 717 3659 verba3
754 3583 834 3661 post
864 3580 969 3644 etiam
995 3579 1028 3643 id
1057 3565 1313 3659 disquirendum

195 3706 264 3780 est,
298 3719 373 3782 <luae
405 3700 438 3765 in
473 3702 637 3764 contextu
671 3699 849 3762 verborum
885 3699 1023 3778 propter
1056 3697 1089 3760 vi
1148 3700 1312 3763 accentus

195 3823 379 3885 mutentur.

284 3951 457 4033 Quomodo
480 3951 590 4031 igitur,
614 3950 754 4030 quasin
778 3948 892 4027 lingua
913 3951 1073 4012 accentus
1096 3947 1223 4012 efficiat
1241 3964 1313 4011 mu·

196 4070 357 4150 tationes,
380 4072 498 4150 potest
520 4067 696 4150 indagari?
740 4065 900 4147 Eligenda
922 4070 987 4146 est,
1009 4067 1164 4146 inquam,
1185 4064 1313 4146 lingua,
