2834 4596
224 268 263 332 14

266 435 429 500 Taurasia
451 437 597 501 Cisauna
621 437 757 500 Samnio
779 439 868 519 cepit

265 553 396 632 Subigit
418 554 516 618 omne
538 555 730 617 Leucanum
757 551 768 632 11
797 554 999 635 opsidesque
1021 553 1200 628 abdoricit'‚
1332 635 1337 645 ι

181 670 347 733 rationem
371 673 462 734 certe
484 671 651 734 sumimus
675 671 962 750 simplicissimam
986 674 1021 734 et
1039 671 1244 749 facillimam,
1262 672 1289 734 si

180 804 251 849 rem
283 787 323 850 ari
348 789 589 865 grammaticos
611 788 687 851 illos
710 791 855 862 veteres
887 787 941 868 qui
966 805 1032 851 non
1055 788 1163 867 magis
1187 805 1289 868 quam

180 905 282 967 ceteri
305 905 358 966 sui
380 905 528 984 aequales
551 905 621 968 vim
644 909 679 968 et
702 905 868 969 rationem
892 922 1031 984 prorsus
1055 905 1289 968 oblitteratam

180 1021 300 1084 borum
335 1036 497 1084 versuum
528 1022 771 1101 intelligebant,
805 1022 863 1083 secl
887 1022 918 1084 in
943 1025 1052 1085 artem
1080 1022 1195 1085 ⁴etatis
1219 1039 1290 1085 suae

180 1153 323 1218 poeseos
354 1138 585 1218 quantitatem
619 1139 834 1202 observantis
857 1138 1027 1202 intrudere
1049 1142 1084 1201 et
1107 1139 1290 1217 impingere

180 1257 399 1321 conabantur.
428 1255 455 1318 si
484 1256 587 1334 igitur
609 1274 679 1320 rem
703 1257 744 1321 ad
768 1257 844 1320 illos
867 1274 933 1321 non
956 1255 1145 1334 rejicientes
1168 1273 1290 1319 versus

180 1374 326 1438 l'aunios
359 1374 552 1437 accuratius
585 1374 859 1454 introspicientes
893 1374 935 1437 ad
962 1373 1030 1436 vim
1054 1373 1154 1436 modo
1177 1376 1212 1435 et
1235 1389 1289 1436 na·

180 1496 292 1555 turam
323 1508 482 1555 versuum
513 1493 809 1555 accommodamus
839 1491 1009 1571 jndicium.
1054 1490 1147 1554 Etsi
1171 1507 1289 1553 omnes

179 1609 256 1672 illas
272 1610 493 1689 conjecturas,
511 1626 606 1688 quaa,
622 1612 661 1672 ut
677 1609 788 1688 aliquo
805 1609 904 1671 morlo
921 1608 1044 1670 saltem
1061 1607 1122 1687 legi
1136 1611 1288 1687 possent7

179 1727 331 1790 fecerunt
343 1726 519 1798 christine,
532 1726 747 1804 Ritschelius‚
760 1727 939 1804 Havetius,
949 1726 1052 1789 ceteri
1064 1725 1288 1799 difficillimas,

178 1845 295 1908 theses
312 1861 525 1924 suppressas.
549 1845 667 1924 longas
691 1844 842 1923 syllabas
864 1846 1049 1922 correptas,
1073 1843 1288 1922 1110101010-

179 1962 359 2039 111101110,111
379 1962 575 2026 memoriam
594 1979 803 2040 revocamus,
823 1964 913 2025 certe
931 1961 1075 2024 occurrit
1092 1962 1153 2024 has
1166 1961 1289 2040 conjec-

178 2083 275 2144 turas
299 2096 375 2143 esse
397 2081 631 2158 contortioreS,
653 2098 755 2160 quam
779 2082 818 2144 ut
841 2080 882 2143 ad
905 2080 1087 2143 veritatem
1111 2080 1288 2157 accedant;

178 2200 256 2263 etsi
272 2199 369 2278 ratio,
389 2217 454 2280 quo
470 2199 631 2263 minorem
651 2200 750 2263 affert
767 2197 1011 2269 difficultatem,
1029 2215 1067 2263 eo
1087 2196 1290 2278 probabilior

178 2317 332 2381 habenda
365 2321 429 2396 est,
463 2320 554 2381 certe
586 2334 723 2380 versum
758 2317 954 2380 Saturnium
986 2321 1126 2380 accentu
1150 2334 1288 2380 mensos

178 2452 255 2518 esse
287 2439 408 2516 poetas
437 2435 507 2498 veri
537 2434 680 2498 similius
703 2451 779 2498 esse
802 2435 936 2498 videtur
959 2451 1061 2514 quarn
1084 2435 1287 2514 quantitate.

178 2552 406 2617 Difficultates
440 2554 538 2631 enim,
573 2552 601 2615 si
628 2553 773 2615 Fannius
797 2552 871 2615 illos
894 2558 1034 2616 accentu
1058 2553 1220 2632 metiaris,
1244 2554 1288 2616 in-

177 2671 296 2735 venias
319 2672 486 2735 minimas.

262 2789 521 2853 Similitudinem
544 2806 625 2853 nero
648 2788 724 2852 fidei
747 2792 782 2852 et
804 2792 1004 2870 argumento
1031 2807 1170 2868 prorsus
1192 2790 1288 2887 finiti·

179 2924 269 2971 nram
293 2907 327 2971 in
350 2907 526 2971 cantilenis
549 2907 654 2970 etiam
677 2907 825 2986 reperias
855 2907 1056 2988 populorum
1082 2908 1198 2988 stirpis
1221 2927 1288 2988 ger·

178 3025 329 3102 manica,
363 3041 437 3104 quae
471 3021 656 3088 ’folkvisor’
682 3027 858 3102 vocantur,
891 3027 930 3087 ut
953 3025 1042 3105 apud
1065 3026 1192 3105 anglos
1216 3044 1288 3090 sue·

178 3159 291 3221 canos,
314 3158 503 3222 germanos.
545 3142 644 3222 11111111
669 3159 754 3222 quos
778 3142 820 3204 ab
836 3141 970 3205 arsibus
993 3143 1141 3222 pendent
1165 3144 1287 3208 omnia.

178 3261 297 3324 Certus
320 3260 409 3323 enim
432 3260 535 3323 lrabet
551 3276 672 3323 versus
688 3276 793 3338 arses,
812 3276 880 3323 una
896 3260 949 3324 vel
966 3260 1116 3340 pluribus
1133 3263 1288 3326 thesibus

179 3377 250 3440 sine
272 3394 392 3440 norma
414 3376 610 3455 interjectis.
664 3378 863 3441 nucerinen
888 3378 979 3455 illud,
1003 3379 1092 3458 quod
1113 3379 1287 3443 Niebelun·
1332 3390 1348 3417 ²

177 3511 296 3573 gorum
329 3498 482 3574 vocatur,
516 3495 626 3558 media
657 3495 840 3558 observata
873 3511 1003 3558 caesura
1031 3512 1106 3558 cum
1131 3497 1287 3577 exemplo

177 3611 233 3675 illo
260 3613 449 3676 Terentiam
478 3612 585 3675 Mauri
608 3611 697 3675 haud
722 3613 793 3677 sine
817 3631 920 3677 causa
943 3613 1131 3692 comparari
1154 3616 1285 3693 potest:

261 3759 408 3825 'Dabunt
431 3763 556 3826 malum
580 3762 705 3828 Metelli
731 3759 743 3841 11
770 3763 898 3827 Naeuio
921 3733 1031 3845 politae

261 3878 383 3942 Virum
407 3880 487 3944 mihi
512 3882 659 3944 Camena
685 3877 697 3959 11
724 3880 835 3944 insece
858 3882 1037 3944 versutum

261 3996 382 4059 Eorum
408 3999 539 4061 sectam
563 3999 751 4078 sequuntur
777 3995 788 4076 11
816 3998 915 4062 multi
938 3997 1119 4061 mortales.5
