2834 4596
225 274 266 336 56

267 441 310 504 nt
332 439 361 502 si
384 439 424 504 de
451 440 484 504 vi
514 441 607 504 verbi
634 440 723 504 illius
751 438 859 504 'ictus'
881 440 1082 520 cogitamus,
1115 441 1178 504 hoc
1205 441 1295 505 idem

184 559 252 623 fere
285 562 339 622 est
372 575 411 621 ac
443 561 599 621 nostrum
634 558 714 623 iilud
738 556 929 637 ’taktsiag'3
967 567 1002 620 et
1028 573 1064 620 re
1093 557 1168 638 ipsa
1190 561 1297 640 atque

184 678 308 739 natura
330 677 379 753 fit,
414 678 453 738 ut
481 675 543 738 boc
566 674 654 739 'ictu’
679 675 847 756 syllabam
875 673 978 751 illam,
1014 691 1089 753 quae
1122 692 1296 741 summam

183 810 252 874 praa
276 809 312 856 se
336 792 402 856 fert
424 793 518 856 vocis
540 792 803 871 contentionem,
828 795 996 856 notemus,

190 956 192 963 -
267 910 315 974 Ut
337 909 380 972 ad
402 909 528 974 latinos
552 910 622 988 jam
652 927 714 972 nos
742 913 993 987 convertamus
1026 907 1068 972 ad
1098 909 1193 974 litem
1216 927 1299 975 vere

184 1026 431 1108 dijudicandam
454 1027 524 1090 vim
547 1031 582 1091 et
604 1030 764 1091 naturam
788 1031 947 1091 accentus
974 1026 1072 1090 latini
1094 1044 1299 1108 cognoscere

183 1145 332 1208 maxime
354 1144 508 1208 interest.
555 1144 706 1224 Utroque
739 1145 828 1208 enim
858 1145 1037 1208 trahimur:
1071 1147 1134 1208 aut
1155 1144 1299 1209 musica·

183 1260 259 1339 lem,
294 1264 333 1324 ut
360 1262 410 1324 ita
433 1261 551 1330 dicam,
580 1261 782 1325 credendum
805 1265 860 1325 est
882 1261 988 1325 fuisse
1011 1263 1198 1339 accentum,
1236 1265 1301 1326 aut

186 1379 228 1458 id,
254 1378 341 1458 quod
365 1377 486 1442 dicitur
514 1376 815 1459 'exspiratorium’3
848 1395 1055 1458 nonunquam
1089 1381 1124 1443 et
1157 1380 1299 1445 tertium
1405 1420 1408 1425 -

187 1495 331 1574 dabitur,
365 1504 404 1558 ut
438 1495 550 1574 placet
583 1497 794 1573 Seelmanno,
828 1499 1004 1560 accentum
1034 1496 1134 1560 simul
1158 1497 1303 1562 musica·

185 1613 251 1677 lem
274 1616 309 1676 et
331 1614 595 1694 exspiraturiurn
619 1613 735 1677 fuisse.
780 1613 814 1676 Si
837 1613 926 1676 enirn
949 1614 1065 1693 conjici
1089 1613 1167 1677 licet
1193 1614 1302 1679 ictum

185 1729 436 1793 contentionem
470 1731 577 1794 ruisse
610 1729 713 1807 vecie,
749 1732 784 1792 et
805 1729 838 1792 id
872 1733 988 1809 potest
1010 1731 1222 1810 comprobari
1250 1749 1303 1796 ac·

187 1849 328 1910 centurn
347 1846 545 1910 musicalem
568 1850 706 1910 tanturn
729 1845 845 1923 trisse,
868 1847 1090 1924 concordiam,
1123 1864 1225 1928 quarn
1251 1866 1304 1913 co·

186 1964 263 2027 mici
285 1962 381 2027 latini
404 1964 565 2043 praebent,
603 1963 755 2044 profecto
785 1962 964 2026 fortuitam
994 1981 1070 2028 esse
1103 1981 1305 2030 asseveran-

187 2080 265 2144 dum
289 2083 353 2144 est.
397 2082 485 2145 Nam
508 2099 566 2145 cnr
594 2081 643 2144 ita
673 2083 851 2144 accentum
884 2081 989 2144 ictum
1019 2081 1081 2144 sibi
1108 2083 1304 2148 conciliatu·

186 2215 262 2262 rum
287 2199 394 2262 tuisse
416 2198 618 2261 credendum
647 2198 726 2262 est?
770 2197 865 2277 Quod
893 2198 919 2261 si
948 2201 1124 2292 accentum
1152 2201 1305 2280 exspira-

185 2316 308 2380 torium
341 2319 401 2379 aut
424 2315 525 2379 simul
548 2315 745 2379 musicalem
767 2319 802 2379 et
824 2314 1088 2395 exspiraturium
1111 2315 1219 2380 fuisse
1250 2317 1304 2381 de-

186 2435 358 2496 monstres
392 2433 423 2495 h.
453 2450 480 2496 θ.
509 2432 762 2497 contentionem
796 2432 965 2512 quandam
989 2433 1093 2511 vocis,
1117 2436 1191 2496 turn
1218 2433 1305 2497 veri·

186 2549 296 2613 simile
321 2554 384 2627 est,
410 2549 439 2613 si
462 2567 527 2613 non
550 2553 680 2613 certum
703 2552 768 2626 est,
791 2549 977 2628 concordia,
1001 2550 1109 2629 quoad
1133 2549 1207 2629 eJ'us
1229 2551 1304 2614 fieri

187 2670 321 2747 posset,
344 2672 466 2746 poetas
489 2670 623 2731 veteres
647 2665 836 2730 delectatos
860 2683 945 2730 esse.
992 2666 1077 2729 Tum
1100 2667 1188 2730 enirn
1211 2666 1304 2731 idem

189 2784 257 2849 fere
280 2787 378 2847 erant
410 2786 570 2848 accentus
593 2784 764 2863 ictusque,
802 2790 837 2846 et
866 2784 894 2846 si
916 2785 1028 2847 caveri
1063 2801 1129 2847 non
1152 2786 1303 2864 poterat,

187 2920 243 2979 ne,
278 2919 380 2981 qumn
415 2918 543 2980 graecos
572 2901 698 2964 imitati
722 2899 907 2980 quantitati
931 2901 1058 2980 primas
1082 2900 1302 2978 tribuissent,

188 3036 278 3098 saepe
311 3018 478 3082 discordia
510 3018 625 3096 fieret,
662 3023 779 3081 tamen
813 3035 879 3081 non
902 3017 1001 3081 modo
1025 3020 1185 3093 poterant
1206 3018 1302 3081 insti·

187 3136 319 3200 tutione
342 3134 488 3216 quadarn
512 3152 674 3198 versuum
697 3134 881 3198 concordiae
899 3136 1098 3215 prospicere,
1120 3133 1301 3198 sedetiam

188 3253 359 3332 quaedam,
394 3270 469 3331 quae
502 3252 617 3316 durius
640 3252 673 3314 in
696 3268 796 3315 aures
820 3252 1016 3331 inciderent,
1041 3269 1144 3331 qnam
1166 3254 1205 3315 ut
1229 3269 1301 3332 pro·

187 3370 358 3447 barentur,
396 3386 536 3448 prorsus
573 3370 711 3434 evitare.
746 3370 799 3433 Ita
831 3372 968 3432 tantum
1001 3386 1056 3432 res
1090 3369 1190 3448 digna
1225 3372 1301 3449 est,

188 3486 240 3549 cui
263 3486 354 3549 ultra
377 3488 571 3568 studeatur;
605 3505 684 3550 narn
707 3487 750 3550 ad
773 3490 903 3550 certum
926 3487 1026 3549 tinem
1056 3485 1200 3549 forsitan
1228 3502 1302 3566 pro·

188 3602 289 3667 ficisci
323 3604 450 3684 possis;
496 3604 656 3684 quamdiu
690 3606 807 3667 autem
840 3603 873 3666 in
908 3603 1006 3666 dubio
1040 3603 1155 3677 haeret,
1187 3602 1301 3666 utrius

188 3720 319 3800 generis
342 3728 502 3786 accentus
525 3722 642 3800 fuerit,
665 3721 799 3785 inanem
822 3721 972 3784 laborem
996 3719 1194 3797 susceperis

273 3838 446 3918 Quomodo
469 3840 570 3919 igitur
594 3840 633 3903 de
656 3839 688 3902 vi
712 3841 747 3902 et
769 3840 893 3901 natura
920 3839 1079 3902 accentus
1102 3837 1144 3900 ad
1168 3838 1302 3901 certum

185 3954 648 4041 judiciumprogrediendum
671 3956 748 4019 est?
793 3954 1011 4019 Testinroniis
1042 3953 1176 4033 quidem
1207 3958 1303 4018 uten-

190 4071 270 4134 dum
293 4078 348 4140 est
375 4078 530 4139 veterum
563 4073 877 4161 grammaticorum,
915 4072 1149 4152 ambiguitatis
1164 4121 1168 4127 .
1183 4074 1302 4138 tamen
