<?xml version="1.0" encoding="UTF-8"?>
<!DOCTYPE html PUBLIC "-//W3C//DTD XHTML 1.0 Transitional//EN"
    "http://www.w3.org/TR/xhtml1/DTD/xhtml1-transitional.dtd">
<html xmlns="http://www.w3.org/1999/xhtml" xml:lang="en" lang="en">
 <head>
  <title>
</title>
<meta http-equiv="Content-Type" content="text/html;charset=utf-8" />
  <meta name='ocr-system' content='tesseract 3.04.00' />
  <meta name='ocr-capabilities' content='ocr_page ocr_carea ocr_par ocr_line ocrx_word'/>
</head>
<body>
  <div class='ocr_page' id='page_1' title='image "./consensusquipot00johagoog_0053.png"; bbox 0 0 2834 4596; ppageno 0'>
   <div class='ocr_carea' id='block_1_1' title="bbox 201 246 241 307">
    <p class='ocr_par' dir='ltr' id='par_1_1' title="bbox 201 246 241 307">
     <span class='ocr_line' id='line_1_1' title="bbox 201 246 241 307; baseline 0 0"><span class='ocrx_word' id='word_1_1' title='bbox 201 246 241 307; x_wconf 83' lang='lat'>44</span> 
     </span>
    </p>
   </div>
   <div class='ocr_carea' id='block_1_2' title="bbox 147 414 1269 4146">
    <p class='ocr_par' dir='ltr' id='par_1_2' title="bbox 153 414 1269 956">
     <span class='ocr_line' id='line_1_2' title="bbox 154 414 1268 497; baseline 0.006 -20"><span class='ocrx_word' id='word_1_2' title='bbox 154 431 240 477; x_wconf 89' lang='lat' dir='ltr'>esse.</span> <span class='ocrx_word' id='word_1_3' title='bbox 296 415 383 479; x_wconf 88' lang='lat' dir='ltr'>Olim</span> <span class='ocrx_word' id='word_1_4' title='bbox 416 415 564 478; x_wconf 77' lang='lat' dir='ltr'>tortasse</span> <span class='ocrx_word' id='word_1_5' title='bbox 598 414 768 479; x_wconf 88' lang='lat' dir='ltr'>moliorem</span> <span class='ocrx_word' id='word_1_6' title='bbox 803 415 972 496; x_wconf 79' lang='lat' dir='ltr'>quispiam</span> <span class='ocrx_word' id='word_1_7' title='bbox 1006 417 1170 497; x_wconf 85' lang='lat' dir='ltr'>proferet;</span> <span class='ocrx_word' id='word_1_8' title='bbox 1205 421 1268 484; x_wconf 89' lang='lat' dir='ltr'>sed</span> 
     </span>
     <span class='ocr_line' id='line_1_3' title="bbox 154 533 1269 618; baseline 0.005 -21"><span class='ocrx_word' id='word_1_9' title='bbox 154 552 242 598; x_wconf 87' lang='lat' dir='ltr'>nunc</span> <span class='ocrx_word' id='word_1_10' title='bbox 276 535 356 599; x_wconf 87' lang='lat' dir='ltr'>milii</span> <span class='ocrx_word' id='word_1_11' title='bbox 390 533 621 599; x_wconf 84' lang='lat' dir='ltr'>difficillimum</span> <span class='ocrx_word' id='word_1_12' title='bbox 649 534 783 599; x_wconf 85' lang='lat' dir='ltr'>videtur</span> <span class='ocrx_word' id='word_1_13' title='bbox 805 535 951 599; x_wconf 88' lang='lat' dir='ltr'>comicos</span> <span class='ocrx_word' id='word_1_14' title='bbox 975 536 1102 600; x_wconf 89' lang='lat' dir='ltr'>nullam</span> <span class='ocrx_word' id='word_1_15' title='bbox 1124 555 1269 618; x_wconf 87' lang='lat' dir='ltr'>prorsus</span> 
     </span>
     <span class='ocr_line' id='line_1_4' title="bbox 154 650 1269 738; baseline 0.006 -22"><span class='ocrx_word' id='word_1_16' title='bbox 154 669 270 716; x_wconf 87' lang='lat' dir='ltr'>curam</span> <span class='ocrx_word' id='word_1_17' title='bbox 304 653 457 716; x_wconf 87' lang='lat' dir='ltr'>accentui</span> <span class='ocrx_word' id='word_1_18' title='bbox 489 650 691 716; x_wconf 76' lang='lat' dir='ltr'>attribuisse</span> <span class='ocrx_word' id='word_1_19' title='bbox 722 654 933 734; x_wconf 78' lang='lat' dir='ltr'>contendere,</span> <span class='ocrx_word' id='word_1_20' title='bbox 962 673 1065 736; x_wconf 91' lang='lat' dir='ltr'>quum</span> <span class='ocrx_word' id='word_1_21' title='bbox 1090 657 1123 719; x_wconf 93' lang='lat' dir='ltr'>in</span> <span class='ocrx_word' id='word_1_22' title='bbox 1146 663 1269 738; x_wconf 84' lang='lat' dir='ltr'>aperto</span> 
     </span>
     <span class='ocr_line' id='line_1_5' title="bbox 155 773 1269 853; baseline 0.006 -18"><span class='ocrx_word' id='word_1_23' title='bbox 155 790 249 853; x_wconf 81' lang='lat' dir='ltr'>paene</span> <span class='ocrx_word' id='word_1_24' title='bbox 272 773 319 838; x_wconf 88' lang='lat' dir='ltr'>sit</span> <span class='ocrx_word' id='word_1_25' title='bbox 341 789 400 837; x_wconf 86' lang='lat' dir='ltr'>eos</span> <span class='ocrx_word' id='word_1_26' title='bbox 422 774 568 852; x_wconf 79' lang='lat' dir='ltr'>spilobrrs</span> <span class='ocrx_word' id='word_1_27' title='bbox 589 777 695 837; x_wconf 77' lang='lat' dir='ltr'>certos</span> <span class='ocrx_word' id='word_1_28' title='bbox 718 777 849 837; x_wconf 66' lang='lat' dir='ltr'>(reverita</span> <span class='ocrx_word' id='word_1_29' title='bbox 872 777 1003 837; x_wconf 72' lang='lat' dir='ltr'>arctatos</span> <span class='ocrx_word' id='word_1_30' title='bbox 1018 777 1054 838; x_wconf 82' lang='lat' dir='ltr'>ia</span> <span class='ocrx_word' id='word_1_31' title='bbox 1068 778 1269 842; x_wconf 81' lang='lat' dir='ltr'>certcslocos</span> 
     </span>
     <span class='ocr_line' id='line_1_6' title="bbox 153 891 432 956; baseline 0.007 -4"><span class='ocrx_word' id='word_1_32' title='bbox 153 907 218 954; x_wconf 91' lang='lat' dir='ltr'>non</span> <span class='ocrx_word' id='word_1_33' title='bbox 243 891 432 956; x_wconf 85' lang='lat' dir='ltr'>admisisse.</span> 
     </span>
    </p>

    <p class='ocr_par' dir='ltr' id='par_1_3' title="bbox 151 1009 1269 1323">
     <span class='ocr_line' id='line_1_7' title="bbox 236 1009 1269 1091; baseline 0.006 -19"><span class='ocrx_word' id='word_1_34' title='bbox 236 1009 285 1072; x_wconf 90' lang='lat' dir='ltr'>De</span> <span class='ocrx_word' id='word_1_35' title='bbox 318 1025 432 1088; x_wconf 79' lang='lat' dir='ltr'>caiisa,</span> <span class='ocrx_word' id='word_1_36' title='bbox 467 1028 542 1090; x_wconf 85' lang='lat' dir='ltr'>quae</span> <span class='ocrx_word' id='word_1_37' title='bbox 575 1010 660 1074; x_wconf 87' lang='lat' dir='ltr'>hanc</span> <span class='ocrx_word' id='word_1_38' title='bbox 687 1011 795 1090; x_wconf 82' lang='lat' dir='ltr'>legem</span> <span class='ocrx_word' id='word_1_39' title='bbox 819 1011 961 1091; x_wconf 83' lang='lat' dir='ltr'>dipodiae</span> <span class='ocrx_word' id='word_1_40' title='bbox 984 1012 1103 1091; x_wconf 85' lang='lat' dir='ltr'>effecit,</span> <span class='ocrx_word' id='word_1_41' title='bbox 1126 1014 1269 1079; x_wconf 88' lang='lat' dir='ltr'>brevem</span> 
     </span>
     <span class='ocr_line' id='line_1_8' title="bbox 152 1125 1269 1212; baseline 0.007 -24"><span class='ocrx_word' id='word_1_42' title='bbox 152 1125 249 1189; x_wconf 89' lang='lat' dir='ltr'>nobis</span> <span class='ocrx_word' id='word_1_43' title='bbox 265 1126 366 1190; x_wconf 88' lang='lat' dir='ltr'>liceat</span> <span class='ocrx_word' id='word_1_44' title='bbox 380 1127 490 1192; x_wconf 86' lang='lat' dir='ltr'>facere</span> <span class='ocrx_word' id='word_1_45' title='bbox 505 1127 743 1206; x_wconf 80' lang='lat' dir='ltr'>coniecturam.</span> <span class='ocrx_word' id='word_1_46' title='bbox 778 1129 880 1210; x_wconf 81' lang='lat' dir='ltr'>Cujus</span> <span class='ocrx_word' id='word_1_47' title='bbox 897 1130 1095 1209; x_wconf 76' lang='lat' dir='ltr'>quaestionis</span> <span class='ocrx_word' id='word_1_48' title='bbox 1111 1148 1131 1194; x_wconf 87' lang='lat' dir='ltr'>a</span> <span class='ocrx_word' id='word_1_49' title='bbox 1145 1133 1269 1212; x_wconf 80' lang='lat' dir='ltr'>graecis</span> 
     </span>
     <span class='ocr_line' id='line_1_9' title="bbox 151 1242 467 1323; baseline 0 -18"><span class='ocrx_word' id='word_1_50' title='bbox 151 1242 284 1306; x_wconf 92' lang='lat' dir='ltr'>initium</span> <span class='ocrx_word' id='word_1_51' title='bbox 309 1242 467 1323; x_wconf 89' lang='lat' dir='ltr'>petimus.</span> 
     </span>
    </p>

    <p class='ocr_par' dir='ltr' id='par_1_4' title="bbox 147 1360 1269 3553">
     <span class='ocr_line' id='line_1_10' title="bbox 235 1360 1268 1445; baseline 0.005 -21"><span class='ocrx_word' id='word_1_52' title='bbox 235 1360 427 1425; x_wconf 86' lang='lat' dir='ltr'>Verisimile</span> <span class='ocrx_word' id='word_1_53' title='bbox 449 1364 505 1424; x_wconf 85' lang='lat' dir='ltr'>est</span> <span class='ocrx_word' id='word_1_54' title='bbox 528 1361 560 1423; x_wconf 91' lang='lat' dir='ltr'>in</span> <span class='ocrx_word' id='word_1_55' title='bbox 583 1363 693 1424; x_wconf 90' lang='lat' dir='ltr'>metro</span> <span class='ocrx_word' id='word_1_56' title='bbox 714 1362 861 1442; x_wconf 75' lang='lat' dir='ltr'>iambico</span> <span class='ocrx_word' id='word_1_57' title='bbox 878 1363 931 1425; x_wconf 89' lang='lat' dir='ltr'>vel</span> <span class='ocrx_word' id='word_1_58' title='bbox 948 1363 1127 1441; x_wconf 87' lang='lat' dir='ltr'>trochaico,</span> <span class='ocrx_word' id='word_1_59' title='bbox 1144 1381 1164 1428; x_wconf 86' lang='lat' dir='ltr'>a</span> <span class='ocrx_word' id='word_1_60' title='bbox 1179 1365 1268 1445; x_wconf 90' lang='lat' dir='ltr'>prin-</span> 
     </span>
     <span class='ocr_line' id='line_1_11' title="bbox 152 1477 1268 1562; baseline 0.006 -22"><span class='ocrx_word' id='word_1_61' title='bbox 152 1477 238 1557; x_wconf 85' lang='lat' dir='ltr'>cipio</span> <span class='ocrx_word' id='word_1_62' title='bbox 261 1477 410 1542; x_wconf 84' lang='lat' dir='ltr'>fortasse</span> <span class='ocrx_word' id='word_1_63' title='bbox 433 1496 517 1558; x_wconf 88' lang='lat' dir='ltr'>puro</span> <span class='ocrx_word' id='word_1_64' title='bbox 541 1479 560 1542; x_wconf 93' lang='lat' dir='ltr'>i.</span> <span class='ocrx_word' id='word_1_65' title='bbox 584 1495 611 1542; x_wconf 92' lang='lat' dir='ltr'>e.</span> <span class='ocrx_word' id='word_1_66' title='bbox 636 1496 753 1543; x_wconf 87' lang='lat' dir='ltr'>omnes</span> <span class='ocrx_word' id='word_1_67' title='bbox 777 1496 872 1544; x_wconf 88' lang='lat' dir='ltr'>arses</span> <span class='ocrx_word' id='word_1_68' title='bbox 891 1480 999 1560; x_wconf 80' lang='lat' dir='ltr'>longis</span> <span class='ocrx_word' id='word_1_69' title='bbox 1022 1481 1173 1562; x_wconf 82' lang='lat' dir='ltr'>syllabis,</span> <span class='ocrx_word' id='word_1_70' title='bbox 1197 1500 1268 1547; x_wconf 92' lang='lat' dir='ltr'>om-</span> 
     </span>
     <span class='ocr_line' id='line_1_12' title="bbox 152 1595 1268 1679; baseline 0.008 -22"><span class='ocrx_word' id='word_1_71' title='bbox 152 1611 213 1658; x_wconf 92' lang='lat' dir='ltr'>nes</span> <span class='ocrx_word' id='word_1_72' title='bbox 242 1595 358 1659; x_wconf 88' lang='lat' dir='ltr'>theses</span> <span class='ocrx_word' id='word_1_73' title='bbox 390 1595 550 1661; x_wconf 87' lang='lat' dir='ltr'>brevibus</span> <span class='ocrx_word' id='word_1_74' title='bbox 573 1600 768 1677; x_wconf 81' lang='lat' dir='ltr'>occupante,</span> <span class='ocrx_word' id='word_1_75' title='bbox 791 1597 1018 1677; x_wconf 82' lang='lat' dir='ltr'>longitudines</span> <span class='ocrx_word' id='word_1_76' title='bbox 1041 1599 1072 1661; x_wconf 95' lang='lat' dir='ltr'>in</span> <span class='ocrx_word' id='word_1_77' title='bbox 1097 1600 1268 1679; x_wconf 87' lang='lat' dir='ltr'>quosdam</span> 
     </span>
     <span class='ocr_line' id='line_1_13' title="bbox 152 1712 1269 1798; baseline 0.006 -22"><span class='ocrx_word' id='word_1_78' title='bbox 152 1713 244 1776; x_wconf 89' lang='lat' dir='ltr'>locos</span> <span class='ocrx_word' id='word_1_79' title='bbox 276 1712 418 1793; x_wconf 88' lang='lat' dir='ltr'>injectas</span> <span class='ocrx_word' id='word_1_80' title='bbox 451 1730 537 1788; x_wconf 84' lang='lat' dir='ltr'>esse,</span> <span class='ocrx_word' id='word_1_81' title='bbox 571 1730 612 1776; x_wconf 90' lang='lat' dir='ltr'>ne</span> <span class='ocrx_word' id='word_1_82' title='bbox 647 1714 774 1778; x_wconf 90' lang='lat' dir='ltr'>similes</span> <span class='ocrx_word' id='word_1_83' title='bbox 797 1731 936 1794; x_wconf 88' lang='lat' dir='ltr'>prorsus</span> <span class='ocrx_word' id='word_1_84' title='bbox 958 1719 993 1778; x_wconf 89' lang='lat' dir='ltr'>et</span> <span class='ocrx_word' id='word_1_85' title='bbox 1015 1716 1132 1779; x_wconf 87' lang='lat' dir='ltr'>eodem</span> <span class='ocrx_word' id='word_1_86' title='bbox 1156 1735 1269 1798; x_wconf 89' lang='lat' dir='ltr'>usque</span> 
     </span>
     <span class='ocr_line' id='line_1_14' title="bbox 152 1831 1267 1910; baseline 0.007 -18"><span class='ocrx_word' id='word_1_87' title='bbox 152 1846 292 1893; x_wconf 88' lang='lat' dir='ltr'>numero</span> <span class='ocrx_word' id='word_1_88' title='bbox 308 1831 431 1910; x_wconf 90' lang='lat' dir='ltr'>pedum</span> <span class='ocrx_word' id='word_1_89' title='bbox 447 1847 569 1894; x_wconf 89' lang='lat' dir='ltr'>versus</span> <span class='ocrx_word' id='word_1_90' title='bbox 585 1832 616 1893; x_wconf 91' lang='lat' dir='ltr'>in</span> <span class='ocrx_word' id='word_1_91' title='bbox 633 1848 733 1894; x_wconf 88' lang='lat' dir='ltr'>aures</span> <span class='ocrx_word' id='word_1_92' title='bbox 749 1831 933 1896; x_wconf 88' lang='lat' dir='ltr'>inciderent</span> <span class='ocrx_word' id='word_1_93' title='bbox 948 1849 1032 1896; x_wconf 86' lang='lat' dir='ltr'>neve</span> <span class='ocrx_word' id='word_1_94' title='bbox 1048 1833 1111 1897; x_wconf 86' lang='lat' dir='ltr'>nisi</span> <span class='ocrx_word' id='word_1_95' title='bbox 1133 1834 1267 1901; x_wconf 81' lang='lat' dir='ltr'>fractus</span> 
     </span>
     <span class='ocr_line' id='line_1_15' title="bbox 153 1943 1266 2029; baseline 0.006 -18"><span class='ocrx_word' id='word_1_96' title='bbox 153 1948 402 2028; x_wconf 87' lang='lat' dir='ltr'>quodammodo</span> <span class='ocrx_word' id='word_1_97' title='bbox 425 1948 629 2012; x_wconf 86' lang='lat' dir='ltr'>varietatem</span> <span class='ocrx_word' id='word_1_98' title='bbox 647 1949 817 2028; x_wconf 87' lang='lat' dir='ltr'>quandam</span> <span class='ocrx_word' id='word_1_99' title='bbox 827 1943 902 2029; x_wconf 83' lang='lat' dir='ltr'>‘prae</span> <span class='ocrx_word' id='word_1_100' title='bbox 919 1966 955 2012; x_wconf 89' lang='lat' dir='ltr'>se</span> <span class='ocrx_word' id='word_1_101' title='bbox 971 1950 1074 2014; x_wconf 84' lang='lat' dir='ltr'>ferret</span> <span class='ocrx_word' id='word_1_102' title='bbox 1090 1969 1266 2019; x_wconf 87' lang='lat' dir='ltr'>numerus.</span> 
     </span>
     <span class='ocr_line' id='line_1_16' title="bbox 152 2064 1266 2146; baseline 0.006 -18"><span class='ocrx_word' id='word_1_103' title='bbox 152 2064 233 2146; x_wconf 81' lang='lat' dir='ltr'>Quae</span> <span class='ocrx_word' id='word_1_104' title='bbox 255 2069 371 2129; x_wconf 86' lang='lat' dir='ltr'>tamen</span> <span class='ocrx_word' id='word_1_105' title='bbox 394 2066 545 2130; x_wconf 86' lang='lat' dir='ltr'>varietas</span> <span class='ocrx_word' id='word_1_106' title='bbox 565 2083 606 2129; x_wconf 91' lang='lat' dir='ltr'>ne</span> <span class='ocrx_word' id='word_1_107' title='bbox 628 2066 660 2129; x_wconf 92' lang='lat' dir='ltr'>in</span> <span class='ocrx_word' id='word_1_108' title='bbox 685 2066 859 2130; x_wconf 83' lang='lat' dir='ltr'>lasciviam</span> <span class='ocrx_word' id='word_1_109' title='bbox 885 2067 1096 2132; x_wconf 89' lang='lat' dir='ltr'>delaberetur</span> <span class='ocrx_word' id='word_1_110' title='bbox 1111 2073 1146 2133; x_wconf 91' lang='lat' dir='ltr'>et</span> <span class='ocrx_word' id='word_1_111' title='bbox 1162 2073 1266 2136; x_wconf 90' lang='lat' dir='ltr'>metri</span> 
     </span>
     <span class='ocr_line' id='line_1_17' title="bbox 151 2183 1267 2280; baseline 0.007 -35"><span class='ocrx_word' id='word_1_112' title='bbox 151 2183 411 2263; x_wconf 78' lang='lat' dir='ltr'>corruptionem,</span> <span class='ocrx_word' id='word_1_113' title='bbox 435 2184 490 2247; x_wconf 87' lang='lat' dir='ltr'>lex</span> <span class='ocrx_word' id='word_1_114' title='bbox 514 2201 554 2246; x_wconf 90' lang='lat' dir='ltr'>ea</span> <span class='ocrx_word' id='word_1_115' title='bbox 576 2185 776 2262; x_wconf 86' lang='lat' dir='ltr'>constituta,</span> <span class='ocrx_word' id='word_1_116' title='bbox 800 2187 839 2248; x_wconf 90' lang='lat' dir='ltr'>ut</span> <span class='ocrx_word' id='word_1_117' title='bbox 861 2184 970 2248; x_wconf 89' lang='lat' dir='ltr'>altera</span> <span class='ocrx_word' id='word_1_118' title='bbox 992 2203 1133 2266; x_wconf 83' lang='lat' dir='ltr'>quaeque</span> <span class='ocrx_word' id='word_1_119' title='bbox 1154 2187 1267 2280; x_wconf 87' lang='lat' dir='ltr'>thesis</span> 
     </span>
     <span class='ocr_line' id='line_1_18' title="bbox 147 2300 1266 2385; baseline 0.006 -22"><span class='ocrx_word' id='word_1_120' title='bbox 147 2301 302 2381; x_wconf 85' lang='lat' dir='ltr'>jambicae</span> <span class='ocrx_word' id='word_1_121' title='bbox 326 2300 467 2382; x_wconf 75' lang='lat' dir='ltr'>dipodiee</span> <span class='ocrx_word' id='word_1_122' title='bbox 489 2301 602 2364; x_wconf 91' lang='lat' dir='ltr'>brevis</span> <span class='ocrx_word' id='word_1_123' title='bbox 626 2301 863 2365; x_wconf 86' lang='lat' dir='ltr'>tantummodo</span> <span class='ocrx_word' id='word_1_124' title='bbox 879 2305 982 2380; x_wconf 86' lang='lat' dir='ltr'>esset,</span> <span class='ocrx_word' id='word_1_125' title='bbox 999 2307 1039 2366; x_wconf 87' lang='lat' dir='ltr'>ut</span> <span class='ocrx_word' id='word_1_126' title='bbox 1055 2304 1162 2383; x_wconf 80' lang='lat' dir='ltr'>prinro</span> <span class='ocrx_word' id='word_1_127' title='bbox 1178 2305 1266 2385; x_wconf 89' lang='lat' dir='ltr'>pede</span> 
     </span>
     <span class='ocr_line' id='line_1_19' title="bbox 151 2418 1265 2498; baseline 0.004 -16"><span class='ocrx_word' id='word_1_128' title='bbox 151 2419 248 2498; x_wconf 87' lang='lat' dir='ltr'>quasi</span> <span class='ocrx_word' id='word_1_129' title='bbox 275 2418 456 2481; x_wconf 75' lang='lat' dir='ltr'>fluctuaret</span> <span class='ocrx_word' id='word_1_130' title='bbox 483 2421 631 2482; x_wconf 83' lang='lat' dir='ltr'>metrum</span> <span class='ocrx_word' id='word_1_131' title='bbox 654 2421 689 2482; x_wconf 89' lang='lat' dir='ltr'>et</span> <span class='ocrx_word' id='word_1_132' title='bbox 712 2419 898 2496; x_wconf 66' lang='lat' dir='ltr'>haesitaret,</span> <span class='ocrx_word' id='word_1_133' title='bbox 922 2418 1039 2482; x_wconf 87' lang='lat' dir='ltr'>deinde</span> <span class='ocrx_word' id='word_1_134' title='bbox 1063 2422 1170 2485; x_wconf 88' lang='lat' dir='ltr'>altero</span> <span class='ocrx_word' id='word_1_135' title='bbox 1194 2425 1265 2486; x_wconf 89' lang='lat' dir='ltr'>sta-</span> 
     </span>
     <span class='ocr_line' id='line_1_20' title="bbox 150 2535 1265 2619; baseline 0.004 -21"><span class='ocrx_word' id='word_1_136' title='bbox 150 2535 312 2600; x_wconf 91' lang='lat' dir='ltr'>biliretur.</span> <span class='ocrx_word' id='word_1_137' title='bbox 356 2535 442 2600; x_wconf 90' lang='lat' dir='ltr'>Nam</span> <span class='ocrx_word' id='word_1_138' title='bbox 477 2536 762 2616; x_wconf 87' lang='lat' dir='ltr'>quemadmodum</span> <span class='ocrx_word' id='word_1_139' title='bbox 792 2537 921 2616; x_wconf 84' lang='lat' dir='ltr'>primus</span> <span class='ocrx_word' id='word_1_140' title='bbox 943 2553 1013 2615; x_wconf 83' lang='lat' dir='ltr'>pes,</span> <span class='ocrx_word' id='word_1_141' title='bbox 1037 2537 1066 2600; x_wconf 86' lang='lat' dir='ltr'>si</span> <span class='ocrx_word' id='word_1_142' title='bbox 1088 2541 1143 2602; x_wconf 88' lang='lat' dir='ltr'>est</span> <span class='ocrx_word' id='word_1_143' title='bbox 1166 2556 1265 2619; x_wconf 89' lang='lat' dir='ltr'>spon·</span> 
     </span>
     <span class='ocr_line' id='line_1_21' title="bbox 151 2652 1264 2734; baseline 0.004 -18"><span class='ocrx_word' id='word_1_144' title='bbox 151 2652 266 2716; x_wconf 86' lang='lat' dir='ltr'>diacus</span> <span class='ocrx_word' id='word_1_145' title='bbox 300 2653 440 2734; x_wconf 87' lang='lat' dir='ltr'>ideoque</span> <span class='ocrx_word' id='word_1_146' title='bbox 472 2670 540 2717; x_wconf 91' lang='lat' dir='ltr'>non</span> <span class='ocrx_word' id='word_1_147' title='bbox 573 2653 684 2716; x_wconf 89' lang='lat' dir='ltr'>minus</span> <span class='ocrx_word' id='word_1_148' title='bbox 711 2653 744 2716; x_wconf 92' lang='lat' dir='ltr'>in</span> <span class='ocrx_word' id='word_1_149' title='bbox 767 2654 912 2732; x_wconf 90' lang='lat' dir='ltr'>primam</span> <span class='ocrx_word' id='word_1_150' title='bbox 936 2671 1037 2734; x_wconf 91' lang='lat' dir='ltr'>quam</span> <span class='ocrx_word' id='word_1_151' title='bbox 1061 2656 1093 2718; x_wconf 92' lang='lat' dir='ltr'>in</span> <span class='ocrx_word' id='word_1_152' title='bbox 1117 2656 1264 2720; x_wconf 88' lang='lat' dir='ltr'>alteram</span> 
     </span>
     <span class='ocr_line' id='line_1_22' title="bbox 150 2769 1264 2864; baseline 0.005 -32"><span class='ocrx_word' id='word_1_153' title='bbox 150 2769 319 2849; x_wconf 86' lang='lat' dir='ltr'>syllabam</span> <span class='ocrx_word' id='word_1_154' title='bbox 342 2771 447 2834; x_wconf 86' lang='lat' dir='ltr'>ictum</span> <span class='ocrx_word' id='word_1_155' title='bbox 469 2771 598 2851; x_wconf 84' lang='lat' dir='ltr'>recipit,</span> <span class='ocrx_word' id='word_1_156' title='bbox 621 2771 654 2834; x_wconf 93' lang='lat' dir='ltr'>in</span> <span class='ocrx_word' id='word_1_157' title='bbox 678 2771 802 2835; x_wconf 89' lang='lat' dir='ltr'>lubrico</span> <span class='ocrx_word' id='word_1_158' title='bbox 819 2770 978 2850; x_wconf 85' lang='lat' dir='ltr'>relinquit</span> <span class='ocrx_word' id='word_1_159' title='bbox 994 2789 1080 2864; x_wconf 82' lang='lat' dir='ltr'>eum,</span> <span class='ocrx_word' id='word_1_160' title='bbox 1098 2773 1153 2853; x_wconf 89' lang='lat' dir='ltr'>qui</span> <span class='ocrx_word' id='word_1_161' title='bbox 1169 2773 1264 2855; x_wconf 84' lang='lat' dir='ltr'>legit,</span> 
     </span>
     <span class='ocr_line' id='line_1_23' title="bbox 149 2864 1264 2970; baseline 0.004 -19"><span class='ocrx_word' id='word_1_162' title='bbox 149 2889 199 2951; x_wconf 85' lang='lat' dir='ltr'>ita</span> <span class='ocrx_word' id='word_1_163' title='bbox 220 2888 319 2951; x_wconf 79' lang='lat' dir='ltr'>alter</span> <span class='ocrx_word' id='word_1_164' title='bbox 352 2905 422 2968; x_wconf 83' lang='lat' dir='ltr'>pes,</span> <span class='ocrx_word' id='word_1_165' title='bbox 456 2889 512 2968; x_wconf 91' lang='lat' dir='ltr'>qui</span> <span class='ocrx_word' id='word_1_166' title='bbox 535 2889 613 2968; x_wconf 92' lang='lat' dir='ltr'>quin</span> <span class='ocrx_word' id='word_1_167' title='bbox 636 2905 704 2951; x_wconf 88' lang='lat' dir='ltr'>una</span> <span class='ocrx_word' id='word_1_168' title='bbox 726 2888 858 2968; x_wconf 80' lang='lat' dir='ltr'>legatur</span> <span class='ocrx_word' id='word_1_169' title='bbox 881 2864 1021 2969; x_wconf 81' lang='lat' dir='ltr'>rationo,</span> <span class='ocrx_word' id='word_1_170' title='bbox 1045 2907 1264 2970; x_wconf 88' lang='lat' dir='ltr'>nequaquam</span> 
     </span>
     <span class='ocr_line' id='line_1_24' title="bbox 149 3005 1265 3089; baseline 0.004 -20"><span class='ocrx_word' id='word_1_171' title='bbox 149 3005 220 3069; x_wconf 87' lang='lat' dir='ltr'>fieri</span> <span class='ocrx_word' id='word_1_172' title='bbox 253 3009 379 3085; x_wconf 82' lang='lat' dir='ltr'>potest,</span> <span class='ocrx_word' id='word_1_173' title='bbox 413 3006 600 3086; x_wconf 83' lang='lat' dir='ltr'>legitimum</span> <span class='ocrx_word' id='word_1_174' title='bbox 634 3009 773 3069; x_wconf 85' lang='lat' dir='ltr'>revocat</span> <span class='ocrx_word' id='word_1_175' title='bbox 805 3005 846 3069; x_wconf 90' lang='lat' dir='ltr'>ad</span> <span class='ocrx_word' id='word_1_176' title='bbox 881 3023 1069 3071; x_wconf 89' lang='lat' dir='ltr'>numerum.</span> <span class='ocrx_word' id='word_1_177' title='bbox 1122 3009 1166 3072; x_wconf 81' lang='lat' dir='ltr'>Et</span> <span class='ocrx_word' id='word_1_178' title='bbox 1188 3009 1265 3089; x_wconf 87' lang='lat' dir='ltr'>ejus</span> 
     </span>
     <span class='ocr_line' id='line_1_25' title="bbox 149 3123 1264 3205; baseline 0.004 -20"><span class='ocrx_word' id='word_1_179' title='bbox 149 3123 237 3186; x_wconf 88' lang='lat' dir='ltr'>ratic</span> <span class='ocrx_word' id='word_1_180' title='bbox 260 3126 299 3186; x_wconf 89' lang='lat' dir='ltr'>ut</span> <span class='ocrx_word' id='word_1_181' title='bbox 322 3124 438 3187; x_wconf 90' lang='lat' dir='ltr'>sedulo</span> <span class='ocrx_word' id='word_1_182' title='bbox 461 3140 584 3186; x_wconf 84' lang='lat' dir='ltr'>versus</span> <span class='ocrx_word' id='word_1_183' title='bbox 607 3123 701 3186; x_wconf 88' lang='lat' dir='ltr'>initio</span> <span class='ocrx_word' id='word_1_184' title='bbox 724 3123 863 3199; x_wconf 84' lang='lat' dir='ltr'>celatur,</span> <span class='ocrx_word' id='word_1_185' title='bbox 890 3123 940 3187; x_wconf 89' lang='lat' dir='ltr'>ita</span> <span class='ocrx_word' id='word_1_186' title='bbox 968 3126 1031 3188; x_wconf 89' lang='lat' dir='ltr'>sub</span> <span class='ocrx_word' id='word_1_187' title='bbox 1053 3127 1154 3188; x_wconf 85' lang='lat' dir='ltr'>tinem</span> <span class='ocrx_word' id='word_1_188' title='bbox 1177 3144 1264 3205; x_wconf 89' lang='lat' dir='ltr'>puro</span> 
     </span>
     <span class='ocr_line' id='line_1_26' title="bbox 151 3240 1265 3320; baseline 0.004 -17"><span class='ocrx_word' id='word_1_189' title='bbox 151 3243 286 3303; x_wconf 89' lang='lat' dir='ltr'>tantum</span> <span class='ocrx_word' id='word_1_190' title='bbox 320 3241 405 3320; x_wconf 89' lang='lat' dir='ltr'>pede</span> <span class='ocrx_word' id='word_1_191' title='bbox 438 3240 619 3304; x_wconf 84' lang='lat' dir='ltr'>revelanda</span> <span class='ocrx_word' id='word_1_192' title='bbox 648 3244 712 3304; x_wconf 89' lang='lat' dir='ltr'>est.</span> <span class='ocrx_word' id='word_1_193' title='bbox 758 3241 866 3305; x_wconf 78' lang='lat' dir='ltr'>&#39;lotus</span> <span class='ocrx_word' id='word_1_194' title='bbox 888 3243 977 3305; x_wconf 91' lang='lat' dir='ltr'>euim</span> <span class='ocrx_word' id='word_1_195' title='bbox 1000 3259 1121 3305; x_wconf 88' lang='lat' dir='ltr'>versus</span> <span class='ocrx_word' id='word_1_196' title='bbox 1145 3259 1183 3306; x_wconf 91' lang='lat' dir='ltr'>eo</span> <span class='ocrx_word' id='word_1_197' title='bbox 1207 3246 1265 3308; x_wconf 86' lang='lat' dir='ltr'>est</span> 
     </span>
     <span class='ocr_line' id='line_1_27' title="bbox 150 3357 1262 3439; baseline 0.004 -19"><span class='ocrx_word' id='word_1_198' title='bbox 150 3357 291 3436; x_wconf 71' lang='lat' dir='ltr'>dipodiae</span> <span class='ocrx_word' id='word_1_199' title='bbox 315 3358 517 3430; x_wconf 82' lang='lat' dir='ltr'>simillimus,</span> <span class='ocrx_word' id='word_1_200' title='bbox 541 3359 629 3439; x_wconf 90' lang='lat' dir='ltr'>quod</span> <span class='ocrx_word' id='word_1_201' title='bbox 653 3359 715 3421; x_wconf 88' lang='lat' dir='ltr'>bac</span> <span class='ocrx_word' id='word_1_202' title='bbox 737 3359 902 3422; x_wconf 81' lang='lat' dir='ltr'>caecitatis</span> <span class='ocrx_word' id='word_1_203' title='bbox 925 3362 960 3422; x_wconf 92' lang='lat' dir='ltr'>et</span> <span class='ocrx_word' id='word_1_204' title='bbox 983 3360 1024 3421; x_wconf 90' lang='lat' dir='ltr'>ad</span> <span class='ocrx_word' id='word_1_205' title='bbox 1048 3363 1262 3438; x_wconf 83' lang='lat' dir='ltr'>postremum</span> 
     </span>
     <span class='ocr_line' id='line_1_28' title="bbox 149 3475 940 3553; baseline 0.001 -16"><span class='ocrx_word' id='word_1_206' title='bbox 149 3475 232 3539; x_wconf 86' lang='lat' dir='ltr'>lucis</span> <span class='ocrx_word' id='word_1_207' title='bbox 257 3475 424 3539; x_wconf 87' lang='lat' dir='ltr'>varietate</span> <span class='ocrx_word' id='word_1_208' title='bbox 447 3475 644 3539; x_wconf 85' lang='lat' dir='ltr'>delectatur.</span> <span class='ocrx_word' id='word_1_209' title='bbox 935 3543 940 3553; x_wconf 57' lang='grc'><em>,</em></span> 
     </span>
    </p>

    <p class='ocr_par' dir='ltr' id='par_1_5' title="bbox 148 3593 1263 4146">
     <span class='ocr_line' id='line_1_29' title="bbox 233 3593 1263 3674; baseline 0.006 -21"><span class='ocrx_word' id='word_1_210' title='bbox 233 3593 308 3656; x_wconf 77' lang='lat' dir='ltr'>lam</span> <span class='ocrx_word' id='word_1_211' title='bbox 337 3609 417 3656; x_wconf 88' lang='lat' dir='ltr'>vero</span> <span class='ocrx_word' id='word_1_212' title='bbox 446 3610 595 3673; x_wconf 77' lang='lat' dir='ltr'>causam,</span> <span class='ocrx_word' id='word_1_213' title='bbox 630 3611 688 3656; x_wconf 88' lang='lat' dir='ltr'>cur</span> <span class='ocrx_word' id='word_1_214' title='bbox 711 3594 855 3657; x_wconf 88' lang='lat' dir='ltr'>alterum</span> <span class='ocrx_word' id='word_1_215' title='bbox 880 3611 1018 3674; x_wconf 88' lang='lat' dir='ltr'>prorsus</span> <span class='ocrx_word' id='word_1_216' title='bbox 1039 3594 1195 3673; x_wconf 68' lang='lat' dir='ltr'>‚iambica</span> <span class='ocrx_word' id='word_1_217' title='bbox 1219 3595 1263 3659; x_wconf 89' lang='lat' dir='ltr'>di·</span> 
     </span>
     <span class='ocr_line' id='line_1_30' title="bbox 150 3710 1263 3792; baseline 0.002 -19"><span class='ocrx_word' id='word_1_218' title='bbox 150 3710 257 3790; x_wconf 85' lang='lat' dir='ltr'>podiae</span> <span class='ocrx_word' id='word_1_219' title='bbox 289 3710 418 3789; x_wconf 81' lang='lat' dir='ltr'>pedem,</span> <span class='ocrx_word' id='word_1_220' title='bbox 451 3714 490 3775; x_wconf 89' lang='lat' dir='ltr'>ut</span> <span class='ocrx_word' id='word_1_221' title='bbox 523 3711 728 3774; x_wconf 88' lang='lat' dir='ltr'>brevitatem</span> <span class='ocrx_word' id='word_1_222' title='bbox 756 3712 893 3776; x_wconf 92' lang='lat' dir='ltr'>minime</span> <span class='ocrx_word' id='word_1_223' title='bbox 927 3712 1120 3775; x_wconf 86' lang='lat' dir='ltr'>obvelatam</span> <span class='ocrx_word' id='word_1_224' title='bbox 1155 3712 1263 3792; x_wconf 87' lang='lat' dir='ltr'>expri-</span> 
     </span>
     <span class='ocr_line' id='line_1_31' title="bbox 148 3829 1263 3910; baseline 0.004 -20"><span class='ocrx_word' id='word_1_225' title='bbox 148 3831 266 3906; x_wconf 84' lang='lat' dir='ltr'>meret,</span> <span class='ocrx_word' id='word_1_226' title='bbox 300 3832 410 3907; x_wconf 73' lang='lat' dir='ltr'>poetae</span> <span class='ocrx_word' id='word_1_227' title='bbox 444 3829 614 3908; x_wconf 79' lang='lat' dir='ltr'>elegerint,</span> <span class='ocrx_word' id='word_1_228' title='bbox 649 3829 753 3892; x_wconf 83' lang='lat' dir='ltr'>altius</span> <span class='ocrx_word' id='word_1_229' title='bbox 786 3829 855 3893; x_wconf 86' lang='lat' dir='ltr'>iere</span> <span class='ocrx_word' id='word_1_230' title='bbox 884 3833 1090 3910; x_wconf 89' lang='lat' dir='ltr'>repetamus.</span> <span class='ocrx_word' id='word_1_231' title='bbox 1134 3830 1263 3909; x_wconf 83' lang='lat' dir='ltr'>Ingenii</span> 
     </span>
     <span class='ocr_line' id='line_1_32' title="bbox 149 3946 1262 4027; baseline 0.003 -19"><span class='ocrx_word' id='word_1_232' title='bbox 149 3946 238 4009; x_wconf 92' lang='lat' dir='ltr'>enim</span> <span class='ocrx_word' id='word_1_233' title='bbox 261 3946 435 4023; x_wconf 81' lang='lat' dir='ltr'>cujusdam</span> <span class='ocrx_word' id='word_1_234' title='bbox 460 3946 612 4010; x_wconf 87' lang='lat' dir='ltr'>acerrimi</span> <span class='ocrx_word' id='word_1_235' title='bbox 629 3951 683 4009; x_wconf 86' lang='lat' dir='ltr'>est</span> <span class='ocrx_word' id='word_1_236' title='bbox 698 3965 804 4026; x_wconf 81' lang='lat' dir='ltr'>genus</span> <span class='ocrx_word' id='word_1_237' title='bbox 818 3948 1000 4025; x_wconf 72' lang='lat' dir='ltr'>iambicum</span> <span class='ocrx_word' id='word_1_238' title='bbox 1017 3953 1051 4011; x_wconf 91' lang='lat' dir='ltr'>et</span> <span class='ocrx_word' id='word_1_239' title='bbox 1067 3947 1262 4027; x_wconf 82' lang='lat' dir='ltr'>fortissimi3</span> 
     </span>
     <span class='ocr_line' id='line_1_33' title="bbox 148 4063 1263 4146; baseline 0.003 -20"><span class='ocrx_word' id='word_1_240' title='bbox 148 4067 183 4127; x_wconf 91' lang='lat' dir='ltr'>et</span> <span class='ocrx_word' id='word_1_241' title='bbox 212 4067 251 4127; x_wconf 89' lang='lat' dir='ltr'>ut</span> <span class='ocrx_word' id='word_1_242' title='bbox 281 4063 324 4144; x_wconf 85' lang='lat' dir='ltr'>id,</span> <span class='ocrx_word' id='word_1_243' title='bbox 354 4065 442 4144; x_wconf 86' lang='lat' dir='ltr'>quod</span> <span class='ocrx_word' id='word_1_244' title='bbox 471 4081 606 4128; x_wconf 89' lang='lat' dir='ltr'>summa</span> <span class='ocrx_word' id='word_1_245' title='bbox 629 4065 736 4144; x_wconf 87' lang='lat' dir='ltr'>primo</span> <span class='ocrx_word' id='word_1_246' title='bbox 770 4067 984 4130; x_wconf 83' lang='lat' dir='ltr'>contentione</span> <span class='ocrx_word' id='word_1_247' title='bbox 1007 4066 1159 4130; x_wconf 88' lang='lat' dir='ltr'>adbibita</span> <span class='ocrx_word' id='word_1_248' title='bbox 1182 4068 1263 4146; x_wconf 86' lang='lat' dir='ltr'>pest</span> 
     </span>
    </p>
   </div>
   <div class='ocr_carea' id='block_1_3' title="bbox 0 0 1422 4596">
    <p class='ocr_par' dir='ltr' id='par_1_6' title="bbox 0 0 1422 4596">
     <span class='ocr_line' id='line_1_34' title="bbox 0 0 1422 4596; baseline 0 1"><span class='ocrx_word' id='word_1_249' title='bbox 0 0 1422 4596; x_wconf 95' lang='lat' dir='ltr'> </span> 
     </span>
    </p>
   </div>
  </div>
 </body>
</html>
