2834 4596
235 1060 342 1124 Index
364 1059 580 1140 scriptorum,
610 1076 695 1140 quos
717 1058 855 1123 laudavi
877 1061 912 1124 et
935 1063 1092 1126 auctores
1114 1060 1267 1129 adhibui:

234 1212 274 1276 R.
309 1212 455 1291 Bentley,
488 1211 537 1275 De
569 1211 689 1274 metris
724 1211 937 1275 Terentianis
972 1212 1200 1293 schediasma,
1232 1215 1267 1279 in

152 1330 298 1394 editione
320 1329 393 1409 eius
417 1327 576 1407 Terentii,
600 1327 859 1392 Amstelcedami
883 1328 974 1393 1727.

238 1448 276 1510 G.
288 1446 478 1524 Hermann,
492 1444 670 1508 Elementa
681 1444 852 1508 Doctrinae
863 1445 1022 1526 Metricae,
1037 1446 1161 1527 Lipsiae
1175 1449 1265 1514 1816.

236 1565 272 1627 F.
295 1563 428 1641 Ritaebl,
451 1560 623 1642 Opuscula
644 1560 857 1642 Philologica,
880 1561 955 1626 Vol.
979 1561 1021 1640 V,
1045 1580 1119 1644 pag.
1137 1565 1199 1629 285
1214 1583 1264 1647 sq.

151 1679 460 1760 XaProlegomena
477 1679 517 1742 de
539 1678 730 1742 rationibus
752 1679 877 1742 criticis
904 1681 1265 1762 grammaticisproso·

152 1797 257 1861 diacis
280 1796 429 1860 metricis
452 1795 700 1860 emendationis
723 1795 900 1860 Plautinae.

241 1913 289 1978 W.
317 1914 465 1993 Coreeea,
494 1901 587 1978 Uber
616 1912 846 1993 Aussprache,
874 1914 1098 1979 Vokalismus
1120 1917 1188 1980 und
1210 1917 1267 1981 Be·

151 2035 282 2110 touung
294 2030 353 2094 der
365 2029 586 2094 lateinischen
600 2030 758 2111 Sprache,
774 2032 841 2095 2zte
856 2031 1008 2112 Auilage,
1024 2033 1160 2113 Leipzig
1176 2027 1266 2098 1870.

241 2147 289 2213 W.
312 2147 435 2227 Meyer,
455 2135 548 2211 Uber
570 2148 622 2212 die
644 2148 887 2228 Beobachtung
915 2148 975 2212 des
1004 2147 1268 2215 Wortaccentes

152 2265 186 2327 in
209 2265 266 2329 der
288 2264 561 2328 altlateinischen
583 2264 713 2343 Poesie,
736 2265 900 2330 Miinchen
925 2267 1015 2330 1884.

235 2381 279 2444 Η.
307 2381 456 2460 Koelder,
485 2381 533 2445 De
554 2383 736 2445 verborum
764 2387 926 2447 accentus
949 2401 1027 2447 cum
1049 2402 1268 2449 numerorum

152 2499 342 2563 rationibus
357 2498 392 2561 in
407 2497 590 2562 trochaicis
606 2500 810 2579 septenariis
826 2500 995 2564 Plautinis
1008 2502 1267 2581 consociatione,

150 2615 365 2679 1101101877.

236 2733 276 2795 A.
300 2731 418 2811 Lache,
442 2731 655 2812 Quaestiones
678 2732 838 2812 metrieae,
861 2733 1064 2798 Greifswald
1088 2736 1177 2799 1872.

235 2849 271 2912 Ρ.
295 2848 402 2928 Mobr,
424 2849 472 2913 De
495 2849 638 2914 iambico
660 2851 750 2930 apud
768 2851 930 2916 Plautum
949 2851 1151 2932 septenario,
1175 2853 1267 2933 Leip-

152 2967 205 3047 aig
230 2967 320 3030 1873.

240 3085 272 3148 0.
306 3085 523 3164 Bruemoan,
565 3084 857 3166 Quemadmodum
894 3086 928 3149 in
959 3085 1102 3149 iambico
1135 3087 1268 3151 senario

154 3201 297 3265 Romani
325 3205 461 3266 veteres
490 3202 671 3267 verborum
699 3206 862 3267 accentus
884 3221 959 3266 cum
982 3203 1132 3265 numeris
1154 3219 1269 3267 conso·
1296 3229 1299 3234 ·

153 3319 328 3398 claverint,
351 3319 447 3383 Bonn
473 3321 562 3385 1874.

241 3437 274 3501 0.
297 3437 465 3518 Pediaobi,
494 3438 668 3519 Quomodo
691 3439 870 3510 Terentius
897 3438 931 3501 in
953 3436 1166 3501 tetrametris
1188 3437 1267 3500 iam·

155 3553 237 3634 bicis
259 3556 295 3618 et
317 3556 497 3620 trochaicis
520 3557 701 3620 verborum
724 3559 885 3620 accentus
914 3572 991 3619 cum
1019 3555 1169 3618 numeris
1196 3570 1269 3618 con·

155 3670 348 3751 sociaverit,
371 3671 483 3737 Berlin
508 3674 598 3737 1882.

239 3791 280 3853 A.
297 3788 446 3870 Spengel,
461 3789 801 3871 Reformvorsohlage
816 3807 876 3853 zur
890 3788 1013 3854 Metrik
1028 3787 1087 3851 der
1101 3787 1270 3869 lyrischen

155 3905 344 3971 Versarten
377 3907 429 3971 bei
462 3907 607 3972 Plautus
633 3907 701 3971 und
724 3908 788 3972 den
810 3906 949 3987 iibrigen
972 3904 1162 3983 Scenikom,
1195 3904 1270 3968 Ber·

155 4023 315 4088 11111882.
