2834 4596
197 250 238 312 34

155 417 256 480 modo
279 418 315 481 et
337 418 546 481 structuram
571 416 686 480 latinae
709 417 830 497 linguae
852 418 1086 498 explicandam
1110 418 1172 482 sibi
1189 434 1270 482 esse

156 535 296 599 eredidit
318 537 354 599 et
376 534 667 614 perscrutandam.
712 533 793 614 Quae
816 535 929 614 paullo
952 534 1038 598 infra
1065 536 1152 598 satis
1174 545 1270 615 pate·

156 652 249 716 bunt.

237 769 312 833 Hoc
345 768 448 848 igitur
477 786 581 848 quum
604 768 750 848 primum
773 770 909 848 statuit,
937 787 1012 850 quae
1035 770 1269 850 quantitatem

157 887 256 950 modo
283 886 316 949 in
345 885 438 966 poesi
463 886 624 950 observet
644 885 768 966 lingua,
799 886 831 949 in
856 903 896 950 ea
918 887 1139 966 concordiam,
1162 903 1269 968 quarn

154 1006 265 1083 poena
299 1005 537 1082 assequantur,
571 1002 647 1066 inde
680 1004 798 1082 'aptam
832 1020 918 1081 esse,
956 1020 1035 1068 num
1071 1004 1270 1083 quantitate

154 1120 266 1200 aliquo
299 1119 399 1183 modo
432 1122 593 1183 accentus
624 1120 788 1183 astrictus
822 1120 877 1196 sit,
911 1123 1002 1184 errat
1037 1121 1269 1186 vehementer.

153 1238 242 1302 Nam
264 1239 326 1301 aut
348 1236 466 1316 longas
489 1239 627 1300 tanturn
649 1240 711 1301 aut
733 1238 854 1301 breves
877 1241 1014 1301 tantum
1044 1238 1072 1300 si
1099 1242 1269 1318 quaereret

153 1354 242 1420 ictus
265 1354 428 1435 syllabas,
451 1357 527 1417 tum
549 1371 604 1418 res
627 1354 674 1417 sic
697 1371 734 1419 se
756 1355 910 1434 haberet3
934 1354 994 1418 sed
1016 1372 1121 1435 quum
1144 1356 1269 1420 ambas

154 1471 345 1553 promiscue
378 1474 528 1552 occupet,
561 1471 616 1535 lex
648 1471 705 1536 illa
737 1473 786 1537 ita
813 1475 975 1552 mutetur,
998 1472 1094 1536 utin
1117 1473 1264 1537 medium

153 1591 202 1655 sic
236 1590 282 1654 sit
302 1588 517 1670 proferenda:
551 1590 859 1668 concordiamay'or
882 1590 991 1653 sitan
1015 1590 1133 1668 minor,
1157 1607 1201 1652 ex
1227 1606 1268 1655 eo

153 1709 299 1789 primurn
333 1707 466 1787 pendet,
499 1710 614 1771 utrum
649 1707 756 1771 rarius
789 1725 832 1771 an
867 1707 992 1787 saepius
1024 1707 1073 1771 ita
1101 1710 1269 1771 ‘accentus

153 1825 349 1906 quantitate
370 1824 535 1888 astrictus
558 1824 613 1903 sit,
636 1828 675 1889 ut
698 1825 840 1904 syllaba,
864 1842 939 1905 quee
962 1828 1101 1888 accentu
1117 1826 1269 1901 notetur,

151 1943 222 2008 ictu
246 1960 313 2007 non
336 1942 446 2023 possit
469 1942 632 2022 occupari,
660 1941 777 2006 deinde
808 1945 934 2020 autem,
962 1958 1063 2022 quarn
1087 1958 1178 2022 saepe
1202 1942 1269 2022 syl·

151 2060 238 2124 lebee
260 2060 485 2141 praebeantur,
509 2077 584 2140 quae
607 2060 676 2124 ictu
699 2059 843 2140 quidem,
866 2077 933 2124 non
953 2062 1093 2124 accentu
1110 2060 1269 2139 occupari

152 2178 294 2259 possint.
338 2179 422 2243 Haec
454 2177 557 2258 igit-ur
590 2177 654 2241 duo
688 2178 721 2241 in
754 2177 877 2257 linguis
911 2177 1092 2258 quaerenda
1125 2180 1208 2242 sunt
1231 2181 1270 2242 et

152 2296 395 2376 comparanda;
423 2298 458 2359 et
481 2295 510 2358 si
532 2295 595 2359 hoc
617 2297 709 2359 certe
730 2295 987 2375 comprobatum
1012 2296 1076 2359 erit
1099 2296 1267 2376 praeeipue

151 2415 355 2479 alterutrum
383 2431 490 2495 genus
518 2414 624 2478 ictum
654 2430 812 2495 quaerere,
835 2417 909 2478 turn
934 2414 1067 2478 demum
1093 2430 1266 2494 compara-

151 2534 243 2597 tione
276 2532 545 2614 cognoscendum
579 2535 643 2609 est,
671 2534 750 2595 utra
773 2531 886 2612 lingua
909 2533 971 2595 hoc
994 2548 1100 2612 genus
1123 2533 1262 2596 accentu

152 2653 309 2715 notatum
332 2653 475 2731 praestet
499 2650 674 2730 praecipue.

232 2768 309 2832 iarn
343 2785 424 2831 vero
457 2768 485 2830 si
519 2771 679 2831 accentus
711 2767 941 2848 quantitatem
965 2768 1172 2848 syllabarum
1197 2782 1264 2830 non

150 2890 245 2951 curet
275 2885 294 2950 i.
324 2902 351 2949 e.
379 2888 441 2949 aut
463 2886 581 2965 longas
605 2887 665 2948 aut
688 2886 809 2948 breres
832 2888 968 2948 tantum
993 2887 1099 2962 notet,
1132 2885 1171 2947 ut
1194 2882 1266 2946 fors

151 3003 247 3082 ferat,
282 3006 356 3067 turn
390 3020 467 3066 curn
501 3005 641 3066 accentu
671 3002 758 3065 coire
780 3001 897 3082 ictum,
921 3005 993 3066 tum
1019 3019 1084 3065 non
1108 3000 1267 3080 disputat

150 3121 303 3186 Meierus.
348 3120 413 3185 Sed
442 3137 545 3200 quum
578 3119 641 3183 hoc
662 3119 705 3183 ed
727 3121 908 3198 utramque
931 3119 999 3183 fere
1022 3119 1170 3198 linguam
1193 3133 1266 3197 per·

151 3239 269 3317 tineat,
304 3238 393 3318 quod
426 3241 586 3302 accentus
619 3238 727 3301 altero
752 3240 887 3301 lantum
911 3254 1031 3318 genere
1054 3235 1266 3315 syllabarum

151 3374 218 3420 non
241 3356 405 3420 astrictus
421 3359 484 3435 est,
509 3355 687 3435 utriusque
708 3355 812 3419 etiam
837 3354 959 3433 linguae
974 3354 1043 3416 fors
1060 3352 1116 3416 illa
1132 3351 1267 3416 obtinet

150 3490 300 3552 regnum,
334 3490 400 3536 non
432 3489 549 3553 graecae
584 3472 693 3550 ruodo,
727 3475 768 3535 ut
801 3472 850 3535 ait
879 3470 1032 3545 Meierus
1057 3471 1098 3533 ob
1121 3485 1266 3548 eamque

150 3606 219 3653 rem
254 3589 355 3670 legeS,
389 3590 510 3669 quibus
544 3590 614 3653 fors
647 3588 704 3653 illa
737 3588 949 3653 concordiam
986 3586 1189 3666 assequitur,
1229 3585 1266 3650 in

150 3710 295 3787 utraque
317 3707 432 3787 lingua
453 3707 487 3769 in
510 3707 618 3770 lucem
637 3706 844 3785 proferendae
861 3707 951 3768 sunt.
986 3702 1130 3767 Meierus
1146 3704 1265 3765 autern

150 3823 240 3887 intra
274 3823 417 3887 latinam
449 3823 609 3886 consistit
643 3826 688 3901 et,
718 3839 821 3902 quurn
846 3839 912 3901 qua
934 3839 970 3885 re
992 3819 1155 3885 excellere
1178 3818 1268 3882 hanc

150 3940 300 4021 linguam
334 3941 473 4018 invenit,
507 3940 635 4004 nullam
664 3939 752 4019 apud
782 3955 909 4020 graecos
933 3955 1087 4019 quaerens
1111 3951 1266 4015 conrpen·

151 4059 330 4137 sationem,
353 4058 503 4137 linguam
526 4074 641 4120 eorum
666 4057 713 4121 sic
735 4057 862 4120 victam
886 4072 962 4118 esse
984 4055 1166 4119 contendit.
