2834 4596
264 251 305 331 aa

221 417 320 495 nibus
348 419 386 491 et
417 433 461 481 ex
491 416 614 495 verbio,
645 416 675 481 ei
697 423 779 481 ante
801 415 1067 480 contractionem
1090 415 1211 479 ultima
1233 413 1334 495 longa

221 535 332 616 fuerit,
354 535 397 599 ad
421 534 509 598 hune
531 550 665 615 gregem
688 532 924 598 eonferendum
947 549 1033 596 esee.

223 689 241 733 .·
290 653 352 717 m
368 651 546 732 >eiusmodi
575 652 718 716 verbum
743 650 849 715 latina
872 651 985 732 lingua
1007 655 1155 731 praestat
1174 652 1243 717 fere
1265 653 1333 717 nul-

221 771 301 839 lum.
336 769 484 839 Talibus
517 771 549 838 in
577 768 690 833 verbis
710 768 814 849 igitur
837 769 944 849 magis
967 768 1062 838 favet
1084 787 1193 850 graeca
1216 772 1330 852 lingua

221 892 391 968 accentus.
412 888 568 968 letusque
601 886 795 952 eoncordia.
839 886 994 967 Praeceps
1027 904 1105 968 ergo
1142 888 1246 954 ferme
1268 891 1334 957 fuit

221 1007 257 1082 in
289 1005 585 1087 argumentatione
618 1021 681 1069 sua
708 1021 752 1075 ex
773 1021 823 1084 ee,
852 1004 940 1084 quod
964 1004 1076 1085 paullo
1100 1009 1334 1087 supraposui,

222 1122 491 1197 itaconeludere
513 1122 739 1201 commentum,
760 1128 800 1186 ut
822 1138 858 1186 re
881 1121 1018 1198 minime
1042 1123 1097 1192 ‚diu
1120 1123 1334 1206 multumque

222 1239 436 1308 considerata
451 1257 653 1305 eonsensum
678 1243 838 1309 accentus
858 1240 1008 1320 ejusque,
1035 1241 1124 1321 quod
1145 1238 1334 1323 'Tonlange'

223 1361 376 1436 vocatur,
399 1357 525 1438 saepius
548 1358 580 1421 in
602 1357 710 1422 latina
728 1357 842 1438 lingua
863 1357 1012 1421 exhiberi
1036 1360 1181 1424 statuat.

305 1474 384 1540 Jam
406 1492 486 1540 vero
511 1475 550 1540 de
573 1475 614 1539 iis
635 1475 758 1556 verbm,
781 1476 1008 1556 quae-lengam
1023 1475 1150 1540 habent
1165 1476 1333 1557 syllabam

224 1592 467 1672 panultimam
501 1593 633 1674 oropn'e
666 1593 830 1674 disputat.
883 1593 1007 1657 Eorum
1040 1592 1142 1672 igitur
1171 1597 1334 1674 quattuor

224 1709 353 1792 speeies
375 1726 559 1790 graeeorum
583 1710 697 1774 varias
721 1709 857 1790 profert,
880 1726 1023 1790 quarum
1046 1726 1252 1791 quamquam
1269 1730 1335 1777 me·

224 1825 312 1896 diam
336 1825 451 1891 sedem
474 1829 618 1907 occupat
639 1826 823 1908 longitudo,
853 1826 966 1891 brevis
989 1830 1105 1892 tamen
1129 1829 1261 1909 syllaba
1284 1846 1335 1896 ac·

223 1946 360 2025 eentum
384 1943 521 2024 reeipit;
543 1962 619 2024 quae
640 1944 693 2009 hae
715 1945 811 2008 sunt:

306 2080 402 2141 -ό
485 2079 634 2141 ύ-«
719 2078 869 2139 υ-ύ
952 2081 1103 2141 --ό

228 2258 230 2262 ι
309 2180 438 2261 Lingua
459 2182 576 2244 autem
599 2178 706 2244 latina
729 2179 893 2260 ejusmodi
909 2181 1039 2259 praebet
1054 2181 1192 2246 nullam.
1228 2182 1334 2262 Unde,

225 2302 265 2362 ut
297 2314 401 2378 supra
427 2297 592 2377 quintinus,
626 2301 662 2361 et
682 2297 756 2377 jnre
779 2297 912 2378 quidem
935 2298 1011 2362 vult
1033 2298 1150 2379 eonjiei
1172 2299 1335 2378 majorem

225 2431 302 2479 ease
333 2432 510 2479 numerum
544 2415 633 2495 apud
665 2415 791 2480 latinos
824 2416 1016 2494 verborum,
1044 2433 1119 2496 quae
1141 2415 1277 2496 longam
1300 2423 1336 2482 et

225 2535 366 2596 accentu
388 2535 545 2598 notatam
567 2532 694 2596 habent
717 2532 884 2614 syllabam
907 2532 1151 2613 paenultimam.

309 2650 352 2714 Et
384 2650 446 2715 hoe
472 2650 580 2731 liquet
606 2667 716 2731 neque
743 2650 927 2731 quidquam
949 2649 1018 2720 fere
1040 2650 1230 2730 argumenti
1253 2651 1336 2716 desi·

226 2768 331 2846 derat.
377 2767 464 2845 Nam
486 2772 525 2832 ut
548 2769 692 2833 totidem
714 2768 879 2840 voeabula
901 2768 1035 2848 longam
1055 2768 1336 2848 praeseferentia

225 2884 460 2964 paenultimam
487 2888 631 2967 utraque
658 2886 771 2966 lingua
799 2886 969 2966 ostendat,
991 2887 1241 2950 consectarium
1264 2887 1334 2953 fere
1389 2892 1393 2900 ’

226 3005 291 3081 est,
313 3005 355 3066 ut
375 3002 499 3082 lingua,
516 3003 550 3066 in
574 3020 641 3084 qua
662 3006 822 3067 accentus
842 3004 976 3083 longam
992 3003 1227 3084 paenultimam
1243 3021 1336 3068 num-

227 3137 329 3201 quam
352 3119 537 3201 relinquere
561 3120 681 3200 possit,
705 3120 801 3200 plura
818 3120 969 3200 praebeat
983 3121 1149 3185 voeabula
1163 3120 1196 3184 in
1213 3122 1336 3200 oaenul·

227 3237 312 3301 tima
336 3237 468 3319 syllaba
491 3242 632 3302 accentu
655 3240 777 3302 notata
800 3254 902 3317 quam
924 3237 1047 3318 lingua,
1069 3238 1125 3302 ubi
1147 3255 1188 3302 ea
1203 3239 1337 3320 syllaba

227 3358 388 3420 accentus
411 3371 624 3436 nequaquam
647 3355 811 3420 astrictus
834 3355 889 3419 sit.

310 3474 385 3538 Hoc
411 3475 548 3538 tantum
576 3473 605 3536 si
627 3473 795 3538 voluisset
818 3472 1016 3537 Gerasenius
1040 3473 1218 3538 ostendere
1241 3474 1338 3554 plura

227 3590 393 3657 vocabula
425 3591 525 3671 lunga
558 3608 634 3655 eum
667 3590 865 3671 paenultima
898 3595 999 3653 acuta
1023 3590 1166 3673 latinam
1189 3591 1337 3671 linguam

227 3708 385 3790 praebere,
408 3710 444 3772 et
466 3709 518 3772 hae
540 3709 609 3773 lere
632 3692 749 3773 formae
771 3725 956 3788 graecorum
978 3706 1115 3771 fuerunt
1142 3708 1336 3772 afferendae:

310 3947 366 4012 Ita
387 3947 476 4010 enim
499 3949 665 4026 praeterea
686 3962 754 4010 non
778 3945 889 4008 minue
912 3961 1015 4025 quam
1038 3947 1201 4024 quattuor
1222 3943 1339 4023 figurae

147 4117 149 4120 .
201 4034 262 4129 ‘in
273 4066 458 4145 conspeetu
470 4063 719 4143 constitissent,
735 4080 853 4128 omnes
869 4080 944 4143 quae
956 4061 1090 4142 longam
1103 4060 1338 4141 paenultimam
1376 4071 1378 4075 ’
