2834 4596
237 212 277 274 64

196 378 276 442 tiuar
310 378 463 457 proprias
497 378 714 457 repetendam
749 396 834 441 esse.
886 378 952 442 Sed
979 396 1082 457 quum
1105 377 1217 443 iuveni
1241 396 1308 444 non

196 495 308 557 miuus
331 492 497 557 'uriseriae'
521 512 623 574 oriam
648 494 820 568 'irriserint
845 495 1000 558 ’redierit’
1024 512 1126 576 [luam
1150 496 1308 559 'redierit’

196 615 270 690 cet,
293 612 363 674 lrac
386 611 571 675 concordiae
600 611 689 675 illins
711 629 815 675 causa
838 612 917 674 milri
941 611 1117 691 rejicienda
1139 611 1213 676 luit.
1259 614 1309 676 Iu·
1406 586 1410 595 ⁸

196 728 272 790 veni
311 732 474 807 praterea
514 726 665 808 talionis,
703 745 768 791 nou
807 726 949 808 'aliquis’
987 729 1059 801 (sed
1095 728 1309 811 aliquibus),

197 843 355 923 'tdnreret
375 863 440 907 non
458 843 605 909 'terndre’
625 846 695 917 [sed
712 844 940 923 'teurer·itas’l;
963 848 1036 908 tum
1053 845 1178 925 aliquid
1194 863 1310 929 causae

204 961 315 1025 inesse
338 962 453 1025 latinis
476 963 629 1042 propria,
652 980 710 1026 cur
734 964 795 1025 hoc
818 966 923 1040 tieret,
945 962 1106 1026 intellexi.

280 1080 393 1143 Unum
413 1081 484 1159 jam
508 1083 627 1156 restat,
662 1084 709 1157 ut,
744 1081 820 1160 quid
857 1081 896 1143 do
931 1083 1070 1144 accentu
1105 1097 1310 1145 censeamus

196 1197 229 1260 in
252 1196 374 1274 vertis,
408 1215 511 1276 ouum
539 1197 571 1260 iu
602 1198 693 1276 poesi
721 1197 810 1260 ictus
838 1215 914 1261 curn
941 1214 980 1261 eu
1015 1215 1081 1261 non
1112 1198 1189 1275 coit,
1224 1198 1311 1263 dica·

197 1331 284 1377 mus.
329 1314 377 1378 Ut
400 1331 502 1393 supra
526 1314 734 1393 scripsimus,
758 1315 931 1378 Bentleius
954 1319 989 1379 et
1011 1314 1218 1379 Ritschelius
1241 1318 1310 1401 sta·

197 1435 336 1494 tueruut
358 1449 390 1494 r.
414 1451 442 1511 g.
468 1431 612 1495 stultum
637 1432 668 1494 in
695 1432 814 1495 ultima
841 1433 910 1496 ictu
944 1435 1102 1497 notatum
1129 1436 1309 1497 accentum

198 1548 387 1612 naturalem
426 1565 526 1611 suum
562 1566 699 1628 prorsus
744 1550 902 1614 amittere
938 1553 973 1613 et
1010 1551 1111 1614 alium
1151 1550 1308 1631 recipere.

198 1664 291 1746 Quod
315 1683 380 1729 non
404 1666 453 1729 ita
475 1683 551 1729 esse
574 1666 606 1729 iu
627 1671 746 1745 aperto
764 1666 830 1730 lere
849 1669 919 1745 est3
946 1684 1024 1730 nanr
1040 1667 1149 1731 alieno
1165 1670 1310 1731 accentu

197 1783 338 1847 verbum
361 1784 463 1846 etiam
489 1783 585 1862 longe
608 1782 778 1847 diversum
804 1784 857 1862 tit;
881 1785 1049 1864 ‹promodo
1074 1792 1258 1864 utrumque
1275 1818 1307 1827 —

198 1904 233 1965 et
262 1905 438 1965 accentum
473 1904 508 1964 et
539 1902 642 1964 ictum
677 1900 821 1965 alterum
856 1901 1001 1965 alteram
1034 1901 1186 1981 ejusdem
1214 1902 1312 1966 verbi

198 2017 366 2099 syllabam
390 2022 568 2082 notantem
587 2054 614 2059 --
635 2018 904 2083 consociaveriut
927 2019 1032 2097 latini,
1056 2020 1126 2082 lraee
1149 2022 1204 2082 est
1227 2018 1311 2083 diffi-

198 2136 322 2201 cillima
345 2136 499 2217 qnaestio
534 2137 669 2216 gravior
696 2153 778 2200 sane
806 2153 908 2216 quam
936 2154 996 2215 pro
1019 2135 1146 2199 nostris
1170 2135 1311 2200 viribus.

280 2254 472 2333 Utrumque
494 2271 574 2317 vero
598 2254 710 2317 nescio
734 2254 902 2333 orromodo
936 2256 1130 2334 spectatum
1164 2270 1242 2317 esse
1275 2254 1311 2317 in

197 2372 353 2437 versibus
376 2372 463 2434 satis
487 2370 583 2435 uobis
606 2371 652 2434 sit
674 2371 933 2435 commonuisse.
982 2372 1021 2434 ut
1043 2370 1141 2434 credo
1164 2371 1311 2451 linguas,

202 2508 277 2571 quaa
311 2507 461 2553 rouranae
495 2493 669 2567 vocantur,
704 2489 869 2568 imprimis
892 2489 1172 2569 francogallicam,
1204 2506 1310 2568 quum

198 2611 233 2671 et
256 2608 298 2671 ilri
322 2606 488 2671 discordia
511 2607 663 2687 quadarn
682 2607 769 2670 ictus
786 2609 1013 2686 accentusque
1029 2606 1140 2687 possit
1155 2606 1311 2685 inveniri,

198 2727 226 2803 si
254 2725 367 2805 poesis
396 2726 467 2806 ejus
500 2724 622 2804 linguae
651 2724 843 2788 accuratius
875 2726 1107 2803 cognoscatur,
1141 2723 1311 2803 quomodo

198 2843 365 2907 rationem
388 2846 547 2906 accentus
570 2842 726 2921 ictusque
747 2841 1014 2904 consociaverint
1031 2841 1137 2920 latini,
1160 2840 1312 2906 fortasse

199 2960 377 3024 ostendere
401 2977 511 3040 posse.

284 3076 467 3158 Quaestioui
500 3076 569 3156 jam
606 3079 734 3139 casua
767 3076 867 3138 tinem
901 3076 1124 3156 imponamus.
1173 3072 1312 3138 Minime

199 3196 314 3275 ignoro
337 3195 500 3274 equidem,
525 3212 626 3274 quarn
651 3194 729 3257 nilril
762 3194 794 3257 in
819 3196 918 3257 tanta
941 3192 986 3256 rei
1010 3191 1213 3256 difficultate
1235 3208 1309 3272 prn-

199 3312 344 3388 fecerim,
379 3314 413 3375 et
437 3311 626 3391 saepissime
650 3329 735 3391 opus
757 3312 857 3374 nimis
880 3311 1022 3374 arduum
1047 3326 1124 3373 esse
1146 3307 1309 3372 intellexi.

199 3429 263 3492 Sed
297 3429 360 3492 hoc
393 3430 472 3492 milri
516 3429 603 3491 satis
635 3429 708 3505 erit,
748 3428 776 3489 si
805 3428 846 3490 ad
880 3444 951 3490 rem
985 3427 1109 3507 aliquid
1149 3425 1311 3505 attuler0,

199 3550 244 3625 et,
288 3563 390 3625 ouum
434 3547 562 3625 primus
608 3549 802 3609 nostrorum
847 3546 932 3607 lianc
971 3561 1041 3607 rem
1075 3541 1309 3621 tractaverim,

199 3663 288 3743 apud
321 3681 379 3727 eos
413 3680 545 3743 oririque
579 3663 730 3725 studium
765 3662 864 3739 liujus
898 3662 943 3725 rei
983 3659 1236 3741 perscrutandae
1273 3662 1312 3723 et

200 3780 401 3844 imlustriarn
425 3781 629 3844 excitavero.
