2834 4596
193 234 233 298 32

150 404 320 482 quondum
343 406 407 482 est,
431 407 507 476 uter
530 404 620 466 recte
643 403 682 466 de
706 402 767 466 bac
790 420 825 466 re
848 404 1003 482 senserit,
1028 405 1089 469 lroc
1108 407 1264 472 etiamid

150 521 258 585 medio
281 521 345 585 erit
367 521 631 600 relinquendum,
650 537 731 584 uum
747 520 913 584 rationem
931 521 1197 587 ltitsohelianam
1219 526 1263 589 ad

150 657 221 704 rem
240 639 390 703 criticam
407 628 497 702 recte
520 638 620 702 liceat
643 639 800 702 adhiberi.
835 639 917 702 Tam
941 640 1029 702 enini
1053 657 1118 703 non
1142 658 1264 707 suruus

150 760 360 838 arrogantes
384 758 424 819 ut
447 755 569 820 falsam
593 772 669 819 esse
690 757 897 820 scribentiarn
914 757 1082 821 Corssenii
1098 775 1160 822 nos
1176 776 1264 824 com·

151 874 315 955 probasse
337 873 556 950 confidamus
591 873 650 936 sed
680 874 742 937 boc
764 876 902 937 tantum
925 891 1001 937 eum
1025 892 1090 938 nou
1114 893 1265 956 compro·

151 993 262 1064 basse,
295 990 382 1070 quod
417 989 529 1053 vellet.
584 990 669 1060 dure,
696 990 798 1069 igitur
832 990 902 1054 baec
924 993 1068 1070 quaestio
1090 1009 1199 1074 usque
1222 1011 1264 1059 eo

152 1107 335 1171 differenda
358 1108 422 1184 est,
446 1107 535 1184 dum,
555 1110 635 1170 uter
658 1107 698 1170 de
712 1123 889 1182 consensu,
911 1109 966 1187 qui
982 1110 1154 1188 quaritur,
1170 1114 1264 1176 recte

152 1225 323 1303 statuerit,
346 1238 425 1288 vere
448 1223 667 1304 dijudicatum
691 1224 765 1289 erit.

236 1342 424 1422 Scriptores
458 1341 522 1415 illi,
548 1341 604 1420 qui
637 1345 803 1420 praeterea
835 1343 921 1407 hanc
949 1343 1115 1408 rationem
1133 1347 1264 1408 tracta·

152 1463 285 1536 verunt,
315 1460 474 1540 quoniam
502 1458 639 1539 longum
669 1465 733 1538 ost,
756 1460 834 1540 quid
858 1460 1108 1540 disputaverint
1129 1476 1264 1527 accura-

153 1579 223 1642 tius
258 1593 436 1656 exponere,
461 1577 633 1640 norninum
658 1577 769 1641 solum
792 1594 907 1641 eorum
932 1579 1094 1642 mentioni
1117 1579 1169 1644 liic
1198 1582 1266 1644 erit

153 1696 256 1760 locus.
301 1694 439 1758 Alteros
462 1694 573 1774 igitur,
605 1698 644 1759 ut
667 1696 702 1758 L.
726 1696 933 1773 Muellerum,
957 1696 1011 1760 W.
1035 1697 1195 1761 Meierum
1218 1698 1265 1762 in·

152 1813 309 1877 venimus
342 1813 521 1876 sententiae
554 1812 622 1876 fere
655 1813 822 1877 Corssenii
850 1817 1006 1877 auctores
1027 1830 1113 1893 esse,
1136 1816 1268 1880 alteros

153 1937 280 2010 autem,
315 1934 352 1995 ut
385 1930 420 1993 P.
455 1931 601 2009 Larrgen,
634 1931 674 1993 Α.
704 1929 824 2008 Locha,
858 1931 961 2008 Molrr,
995 1934 1030 1995 Ο.
1060 1933 1265 2013 Bragmann,

154 2050 309 2127 Koehler,
332 2048 503 2127 Podiasld,
526 2047 675 2112 vindices
697 2066 774 2112 esse
793 2048 968 2113 Ritscbelii
983 2051 1134 2114 rationis.
1165 2052 1266 2116 Muel-

154 2170 260 2233 lerum
285 2185 374 2245 vero,
409 2168 464 2247 qui
488 2168 729 2230 auctoritatem
753 2167 793 2230 de
815 2163 956 2231 accentu
975 2169 1078 2248 atque
1105 2170 1155 2244 iis,
1190 2188 1268 2249 quae

154 2289 219 2351 buc
234 2286 414 2367 pertinent,
430 2287 627 2366 improbans
643 2285 942 2365 granrmaticorum
959 2289 1115 2350 veterum
1131 2290 1166 2350 et
1182 2287 1267 2366 ipse,

155 2423 256 2484 quam
279 2405 308 2467 is
331 2407 491 2468 accentus
515 2421 584 2483 praa
607 2419 643 2466 se
666 2403 753 2467 ferat
776 2404 845 2467 vim
868 2411 903 2467 et
922 2407 1089 2484 naturam,
1107 2405 1268 2485 quamvis

155 2540 173 2588 e
196 2523 375 2603 longinquo
404 2522 600 2586 concludere
623 2527 778 2600 conatur,
804 2523 881 2602 quin
905 2523 1009 2586 etiarn
1032 2526 1167 2586 veteres
1190 2523 1269 2587 illos

155 2641 281 2705 latinos
304 2658 439 2704 summa
462 2657 525 2719 ope
547 2640 578 2703 id
602 2640 721 2720 egisse,
757 2643 794 2703 ut
823 2640 856 2702 in
887 2641 981 2720 poesi
1005 2640 1202 2704 dissentiret
1224 2641 1268 2704 ab

156 2761 224 2825 ictu
248 2763 417 2834 accentus,
441 2758 624 2836 contendit,
649 2758 769 2837 dignus
792 2759 943 2838 profecto
967 2762 1030 2835 est,
1055 2760 1111 2840 qui
1135 2776 1269 2823 accura-

156 2881 225 2944 tius
248 2881 431 2956 tractetur;
455 2877 514 2941 sed
539 2894 578 2940 ne
603 2878 701 2940 multi
724 2858 842 2954 simus
865 2895 941 2941 eum
955 2879 1026 2956 jam
1043 2878 1091 2941 sic
1106 2879 1270 2959 relinqua·

156 3016 243 3062 mus.
288 2998 331 3061 dt
353 2995 560 3076 quaestiones
583 2995 659 3058 illas
680 2995 923 3059 subtilissimas
946 3011 1183 3076 summamque
1199 3013 1271 3076 prae

158 3133 195 3180 se
219 3116 367 3180 ferentes
391 3114 621 3177 inventionem
644 3116 749 3193 atque
770 3113 939 3192 ingenium
956 3115 990 3177 P.
1007 3114 1166 3193 Langenii
1183 3113 1271 3177 alias

158 3233 307 3297 fortasse
342 3235 492 3296 tractare
525 3232 681 3294 nostrum
704 3231 785 3310 erit;
816 3230 928 3308 ceteri,
963 3231 1017 3311 qui
1041 3248 1061 3294 a
1084 3230 1271 3296 ititscbelio

158 3355 264 3428 stant,
298 3366 417 3413 ornnes
450 3352 621 3413 nontam
657 3348 737 3411 mibi
771 3347 954 3429 quidquam
984 3349 1066 3412 novi
1098 3347 1271 3428 attulisse,

158 3485 259 3549 quarn
283 3467 449 3531 rationem
471 3467 596 3530 summi
620 3466 769 3530 auctoris
792 3465 983 3529 accuratius
1009 3465 1176 3545 persecuti
1193 3480 1272 3528 esse

159 3589 262 3667 atque
295 3587 527 3666 pertractasse
560 3584 733 3662 videntum
768 3583 796 3646 si
820 3582 898 3663 quid
922 3582 1067 3661 deesset,
1090 3581 1272 3659 addidisse,
1327 3614 1330 3618 ι

160 3703 358 3780 correxisse,
392 3703 420 3766 si
454 3702 533 3782 quid
562 3719 627 3765 non
652 3696 841 3776 constaret;
875 3717 914 3764 ac
937 3701 965 3763 si
988 3700 1122 3780 copiose
1145 3703 1180 3763 et
1204 3697 1273 3762 dili-

160 3824 277 3900 genter
310 3820 387 3883 nlim
422 3819 510 3882 ratio
544 3819 599 3882 illa
622 3818 837 3899 disquiratur,
871 3821 972 3897 certe,
1003 3835 1077 3899 quae
1107 3818 1139 3881 in
1163 3816 1274 3881 lucem

160 3940 343 4019 scriptores
385 3938 430 4001 illi
468 3937 692 4017 protulerunt,
737 3953 777 3999 eu
815 3951 950 3999 summa
985 3954 1061 3999 cum
1100 3951 1181 3998 cura
1217 3936 1274 3997 est
