2834 4596
192 253 233 317 36

152 420 275 483 senarii
295 419 431 501 jambici
447 420 651 486 solutionem
667 438 734 485 non
748 422 911 501 admittit,
928 423 1086 485 ultimum
1103 423 1261 500 dioimus;

151 537 206 601 ubi
222 540 348 616 tamen,
372 537 472 619 longa
490 556 533 602 an
558 538 668 603 brevis
691 539 737 602 sit
752 539 873 603 ultima
892 540 1034 619 syllaba,
1052 540 1132 603 nihil
1148 540 1261 604 refert.

150 654 200 719 Ne
223 655 252 718 61
274 655 392 735 longas
415 655 549 734 quidem
572 659 709 719 tantum
732 655 884 736 syllabas
906 657 995 720 ictus
1011 657 1177 736 praecipue
1193 674 1263 737 per·

151 775 324 853 sequatur,
358 771 438 845 mihi
471 773 558 836 satis
591 774 849 852 comprobatum
882 790 958 838 6666
983 774 1118 838 videtur·
1140 774 1262 837 harum

150 889 293 954 latinam
329 889 477 969 linguam
514 891 679 971 majorem
716 892 865 970 praebere
902 908 1079 955 numerum
1120 894 1263 955 accentu

151 1007 358 1070 notatarum.

234 1120 419 1203 Disyllabis
441 1139 521 1186 vero
544 1123 727 1196 vocabulis,
751 1142 827 1204 quae
849 1124 880 1187 in
905 1124 1011 1188 latina
1033 1125 1148 1205 lingua
1170 1128 1263 1205 sunt,

151 1238 438 1305 ad-concordianr
471 1239 615 1304 Meicrus
646 1239 727 1304 nihil
759 1241 919 1305 attribuit
946 1242 1119 1306 momenti.
1168 1242 1264 1323 Quod

150 1360 266 1422 tamen
289 1356 416 1421 falsum
437 1359 501 1421 est.
545 1357 647 1422 Ratio
670 1358 759 1422 enim
781 1358 1095 1437 verisimilitudinis,
1128 1359 1264 1440 qualern

150 1475 223 1555 ipse
256 1474 386 1554 attulit,
419 1475 448 1538 si
480 1475 688 1554 locupletum
720 1477 863 1540 testium
897 1476 1051 1540 habenda
1074 1478 1183 1541 estin
1206 1495 1264 1541 nu·

150 1610 254 1672 mero,
287 1610 330 1657 ex
362 1591 415 1656 his
442 1592 556 1656 verbis
582 1593 764 1673 spondiaca
786 1594 952 1683 vocabula
973 1597 1009 1658 et
1031 1594 1264 1675 pyrrhicniaca

150 1709 279 1774 nullam
292 1710 361 1774 fere
376 1710 446 1773 vim
466 1696 648 1789 habebunt,
665 1714 704 1775 ut
720 1729 787 1775 non
802 1710 914 1775 minus
933 1712 1142 1776 concordiam
1159 1729 1263 1791 quam

151 1827 352 1892 discordiam
373 1828 566 1907 promiscue
588 1827 783 1909 efficientia3
813 1829 983 1893 trochaica
1005 1832 1120 1894 autem
1144 1829 1173 1892 si
1196 1846 1265 1893 non

150 1945 286 2010 dimidia
319 1963 362 2010 ex
396 1949 504 2026 parte,
537 1948 692 2011 attamen
725 1963 849 2027 magna
871 1965 912 2011 611
936 1956 1033 2028 parte
1061 1947 1263 2011 discordiam

150 2067 390 2144 assequuntur,
421 2063 566 2145 jarnbica
597 2066 712 2128 autem
747 2065 851 2130 verba
885 2065 1147 2146 discrepantiam
1171 2068 1264 2129 certe

150 2181 300 2246 efficiunt
323 2181 451 2261 omnia;
477 2181 553 2262 plus
577 2182 650 2245 sine
672 2182 771 2246 dubio
799 2183 911 2247 verbis
943 2182 1119 2263 disyllabis
1142 2183 1263 2247 discor·

150 2299 213 2362 diae
247 2316 350 2379 quam
383 2300 567 2364 concordia
601 2300 648 2364 iit.
702 2301 749 2365 De
783 2319 849 2382 qua
874 2318 909 2365 re
932 2301 1008 2365 vide
1030 2301 1092 2364 hoc
1115 2301 1263 2381 schema,

149 2465 346 2520 inveniuntur.
397 2463 443 2517 lta
475 2463 565 2518 etiam
593 2478 625 2518 se
654 2465 743 2518 habet
771 2464 942 2532 paenultima
970 2464 1074 2518 harum
1103 2463 1263 2532 figurarum

149 2602 291 2632 -vv
325 2601 475 2631 vuu-
510 2565 603 2619 Tanto
630 2565 718 2632 igitur
744 2580 845 2633 campo
871 2565 942 2619 ictui
967 2567 1073 2633 negato
1098 2579 1135 2620 ne
1159 2565 1261 2619 breves

149 2667 309 2734 admireris
332 2681 384 2721 cur
407 2667 530 2736 rariores
553 2667 685 2721 invenias
709 2667 769 2721 ictu
793 2669 918 2721 notatas.
960 2667 1015 2722 Sed
1036 2667 1088 2720 lroc
1106 2667 1130 2720 si
1148 2666 1263 2720 statuas

149 2771 185 2825 ab
203 2769 342 2825 accentus
358 2783 426 2823 cura
443 2768 604 2836 profectum
622 2782 694 2832 esse,
713 2768 742 2822 in
760 2769 871 2823 ratione
889 2769 1076 2823 subducenda
1093 2769 1124 2822 et
1140 2768 1171 2821 in
1188 2769 1263 2822 utra·

149 2872 322 2940 6161111111Ι
340 2871 532 2939 comparanda
550 2885 566 2924 e
584 2869 803 2924 ratiocinatione
822 2870 955 2925 excidere
973 2884 1089 2934 necesse
1107 2871 1167 2938 est;

216 2976 244 3039 b)
261 2974 342 3041 atqui
359 2986 544 3040 nequaquam
562 2985 684 3025 nurnero
702 2971 825 3026 totidem
842 2973 912 3026 sunt
930 2974 1040 3039 breves,
1058 2971 1264 3039 quodquidam

85 3119 88 3125 ,
149 3076 185 3131 ad
203 3075 323 3130 ultimas
340 3074 448 3129 attinet
454 3089 461 3142 ;
485 3087 556 3127 nam
576 3071 745 3140 plerumque
763 3073 869 3126 natura
887 3073 982 3127 brevis
999 3073 1103 3127 ultima
1120 3072 1263 3140 positione

149 3177 323 3245 producitur,
341 3177 375 3229 ut
392 3175 478 3243 longa
495 3188 612 3242 prorsus
629 3173 719 3241 accipi
736 3173 835 3240 possit.

216 3278 345 3333 Verbum
369 3275 457 3343 igitur
480 3288 591 3342 quaeras
609 3288 729 3328 necesse
747 3275 800 3340 est,
818 3274 867 3328 ubi
885 3275 1002 3329 omnino
1020 3277 1134 3330 semota
1151 3276 1264 3330 ratione

149 3380 288 3434 accentus
311 3379 429 3432 brevem
453 3376 604 3444 syllabam,
629 3375 699 3429 ictui
717 3376 823 3451 aptam,
844 3375 939 3443 longae
957 3391 1071 3443 aequare
1090 3377 1190 3444 possis.
1226 3377 1264 3432 Et

150 3480 243 3547 quoad
261 3479 337 3534 hanc
354 3477 477 3532 iomram
496 3476 606 3542 ’aliquo’
624 3475 717 3530 rarius
735 3477 852 3530 exstare
865 3491 952 3543 quam
970 3477 1089 3544 ’aliquo’,
1106 3476 1264 3531 ’faciamus’

150 3595 237 3648 quam
255 3579 410 3635 ’faciamus’
428 3592 487 3631 non
500 3577 718 3644 comprobatum
730 3576 792 3643 erit,
809 3577 863 3630 hoc
875 3577 958 3631 nobis
970 3577 998 3631 in
1012 3578 1124 3632 ratione
1136 3577 1264 3633 ineunda

150 3680 340 3736 statuendum
364 3679 423 3733 est:
447 3677 540 3732 iotunr
557 3676 586 3730 in
605 3676 660 3731 hoc
678 3677 739 3730 lam
757 3676 973 3744 circumscripto
991 3678 1123 3732 brevium
1140 3692 1264 3732 numero

150 3796 208 3837 non
234 3781 328 3848 magis
351 3781 462 3844 1116166,
486 3789 550 3845 quae
576 3776 691 3844 quidem
715 3791 749 3831 eo
767 3778 899 3845 occupari
917 3779 1037 3845 possint,
1056 3793 1143 3845 quam
1161 3778 1264 3846 longas

151 3882 279 3951 syllabas
296 3879 455 3949 repudiare.
484 3877 584 3944 Neque
597 3877 627 3930 in
639 3877 750 3932 ratione
763 3891 828 3932 mea
840 3878 915 3941 (vide
925 3893 987 3945 pag.
997 3879 1038 3945 37,
1050 3879 1093 3943 39)
1105 3869 1264 3945 quidquam

149 3982 225 4037 aliud
244 3982 335 4036 statui
353 3995 449 4048 quam,
460 3979 490 4034 in
503 3978 606 4032 eodem
618 3979 705 4032 verbo
718 3979 748 4032 et
762 3978 840 4032 brevi
853 3980 883 4032 et
894 3978 980 4046 longa
992 3979 1105 4047 syllaba
1117 3980 1264 4047 proposita

150 4084 272 4152 utraque
290 4083 361 4137 ictui
379 4080 537 4147 commoda,
556 4092 624 4132 eum
642 4093 701 4133 non
719 4078 817 4132 minus
830 4079 909 4133 illam
922 4094 1010 4146 quarn
1026 4079 1102 4134 hanc
1115 4095 1263 4148 occupare.
