2834 4596
194 251 234 317 48

152 421 309 482 notatam
342 418 510 483 intrusam
542 435 633 498 esse3
671 421 709 481 ut
742 418 831 498 apud
866 417 1061 482 Terentium
1093 417 1262 482 vocabula

152 536 334 600 molossica
357 536 409 599 liic
431 535 499 598 fere
523 535 711 614 sanissime
734 535 890 614 usurpari
906 534 1018 598 videre
1034 535 1120 598 licet.
1157 534 1262 598 Haud

151 653 304 732 ineptum
328 652 461 716 videtur
482 651 515 714 in
539 654 657 714 nostra
680 651 793 731 lingua
815 667 1080 715 commemorare
1102 650 1183 714 illud
1202 650 1261 713 mi·

151 769 240 832 nime
262 769 484 847 rarissimum,
513 769 599 848 quod
631 767 738 831 fracto
766 767 1014 848 quodammodo
1037 784 1177 832 numero
1202 767 1261 831 mi-

151 902 224 950 ram
248 886 347 950 affert
370 885 596 949 suavitatem:

234 1002 323 1082 apud
345 1003 547 1082 Tegnerum:

315 1118 1051 1202 mmmmmmmfflwm,

234 1240 270 1300 et
291 1235 372 1300 illud
395 1236 611 1316 Runebergii:

152 1353 250 1418 ’Sven
273 1353 404 1417 Dufvas
426 1353 520 1416 iader
543 1372 605 1418 vai·
621 1356 789 1434 sergeant,
806 1334 989 1436 ofdankad,
1012 1374 1085 1421 arm
1102 1358 1163 1422 och
1179 1357 1262 1440 gra'3

151 1471 207 1535 ubi
229 1471 346 1535 theses
370 1472 575 1551 longitudine
599 1473 862 1552 pronuntiantur
884 1477 919 1536 et
942 1475 1168 1556 contentione,
1193 1495 1262 1558 qua

151 1592 298 1653 metrum
332 1590 508 1669 frangitur.
563 1589 723 1669 Ejusdem
756 1589 888 1670 generis
919 1594 974 1654 est
1008 1592 1078 1671 hoc,
1113 1594 1203 1672 quod
1227 1596 1263 1660 in

153 1705 271 1785 quinto
294 1707 378 1787 pede
402 1706 545 1770 trimetri
565 1707 700 1787 jambici
723 1707 1021 1772 observatum-est
1039 1725 1060 1774 a
1075 1709 1211 1775 comicis
1225 1716 1263 1777 et

151 1822 234 1888 adeo
268 1824 432 1904 placitum
461 1835 524 1901 est,
558 1828 597 1887 ut
619 1824 661 1887 ad
684 1825 807 1904 regula
829 1826 1061 1889 constantiam
1083 1827 1263 1894 redactum

151 1942 206 2005 sit.
251 1943 293 2006 ut
315 1941 367 2005 hic
390 1941 492 2021 igitur
514 1959 595 2004 cura
617 1945 777 2005 accentus
799 1943 953 2022 cognosci
976 1945 1102 2023 potest.

234 2059 353 2123 Mirum
377 2063 412 2123 et
427 2060 490 2123 hoc
505 2059 627 2124 Meiero
644 2059 787 2138 videtur,
809 2061 897 2139 quod
915 2077 1015 2125 voces
1031 2062 1261 2143 anapaesticae,

103 2262 105 2266 μ
151 2195 254 2258 quum
282 2177 403 2241 ultima
431 2177 499 2240 ictu
526 2182 606 2241 uota
571 2180 646 2241 tata
626 2196 735 2242 anon
758 2178 835 2257 plus
859 2197 991 2259 quamJ
987 2179 1135 2244 ambicae
1157 2197 1261 2245 aures

150 2295 358 2360 offender
300 2300 387 2360 en
391 2296 541 2359 animos
560 2314 625 2359 nou
642 2314 663 2375 ι
654 2296 720 2361 lus
736 2314 839 2376 quam
855 2298 1002 2360 erant·
1023 2298 1125 2362 certis
1141 2302 1261 2366 tamen

150 2415 275 2495 regulis
298 2414 431 2478 astricti
454 2418 544 2493 suut,
569 2432 633 2478 nou
655 2414 818 2494 ‚ianibica
854 2414 987 2479 Scilicet
1010 2421 1179 2496 accentus
1206 2419 1262 2483 cui

150 2537 221 2598 tres
244 2534 385 2614 syllaba>
409 2533 641 2612 subjiciuntur,
665 2533 807 2598 validior
829 2538 903 2597 erat
925 2537 961 2598 et
982 2536 1125 2614 gravior,
1154 2554 1258 2617 quam

151 2657 188 2717 ut
221 2652 445 2733 negligeretur
473 2651 505 2714 in
540 2669 641 2715 versu
674 2652 840 2730 laciend03
874 2653 907 2715 in
940 2654 1080 2717 uocibus
1102 2654 1260 2734 jambicis

149 2775 327 2836 accentum
361 2771 445 2834 duas
479 2770 578 2834 mollo
612 2770 764 2848 syllabas
798 2771 956 2835 attollere
989 2789 1074 2851 opus
1102 2776 1186 2852 erat,
1215 2775 1259 2840 ob

150 2908 292 2972 eamque
314 2907 384 2953 rem
408 2889 436 2951 is
460 2889 572 2951 omitti
596 2890 715 2967 potuit.

232 3011 281 3074 nt
304 3009 391 3072 enim
416 3007 490 3071 aliis
519 3005 616 3086 longe
641 3008 862 3087 temporibus
895 3009 1016 3089 quibus
1043 3027 1259 3090 nequaquam

149 3128 299 3193 affirmes
333 3129 509 3189 accentum
543 3126 575 3187 iu
609 3125 703 3204 poesi
737 3126 824 3190 ullas
856 3129 973 3207 partes
995 3128 1115 3207 egisse,
1138 3127 1257 3192 eadem

149 3246 218 3310 fere
247 3245 319 3308 haec
345 3243 487 3323 dipodia
513 3243 567 3306 lex
590 3243 694 3306 etiam
718 3244 845 3323 majore
868 3262 948 3308 cura
969 3245 1005 3308 et
1028 3245 1214 3310 severitate
1237 3264 1259 3311 a

150 3365 236 3445 Syro
269 3367 304 3427 et
332 3361 472 3425 Phaedro
499 3362 683 3424 observata
705 3364 768 3425 est.
813 3362 896 3442 Quid
920 3362 1044 3442 igitur?
1081 3379 1191 3427 nonne
1213 3363 1258 3427 ad

149 3481 288 3544 nihilum
323 3480 460 3542 redacta
493 3482 546 3541 est
580 3481 655 3541 tota
678 3479 748 3542 lianc
770 3481 897 3544 mentio
921 3481 961 3544 [le
983 3485 1144 3545 accentus
1166 3481 1258 3561 apud

118 3660 122 3665 .
149 3597 296 3662 comicos
320 3596 581 3660 observatione?
615 3596 759 3673 Minime,
782 3597 935 3677 inquam3
960 3616 1037 3662 uam
1062 3601 1101 3662 ut
1124 3600 1166 3663 ab
1189 3598 1257 3663 alia

149 3715 296 3795 quadani
333 3714 466 3793 regione
504 3714 709 3777 deducamus
747 3714 1011 3793 similitudinem,
1056 3717 1083 3779 si
1122 3719 1257 3780 veteres

149 3834 287 3895 statuas
315 3834 350 3893 et
378 3831 518 3909 priscas,
545 3848 640 3910 qliae,
664 3850 768 3912 quum
792 3833 835 3896 all
857 3833 1006 3912 aliquam
1029 3833 1164 3896 demum
1186 3850 1257 3913 ner·
1283 3855 1287 3860 ’

149 3949 328 4011 lectionem
352 3952 552 4027 perventum
577 3953 641 4027 est,
670 3966 736 4012 non
759 3950 801 4013 ad
825 3967 997 4013 summum
1021 3950 1197 4031 fastigium
1220 3954 1258 4014 et

149 4069 318 4143 naturam,
332 4065 584 4129 lubricaverunt
597 4067 735 4146 autimi,
749 4066 844 4130 uelut
859 4067 1073 4146 symplegma
1088 4067 1256 4147 tympani,
