2834 4596
193 247 232 310 42

212 415 244 488 d)
263 416 383 479 ambas
407 417 527 480 breves
550 415 712 496 syllabae,
742 434 816 496 quae
839 417 981 480 verbum
1004 415 1132 493 liniant,
1168 435 1263 482 num·

151 550 253 614 quam
275 534 308 597 in
331 535 433 599 arsim
461 534 620 613 incidere;

213 655 242 724 el
255 655 428 733 postremo
437 654 591 733 Jambum
601 671 668 718 uno
680 654 751 719 loco
762 654 896 719 omnino
907 653 978 717 fere
987 671 1063 719 esse
1073 655 1262 718 exclusum.

234 771 357 853 Legem
379 772 492 852 igitur,
515 790 590 852 quae
613 775 756 837 vocatur
778 773 928 853 dipodiae,
952 775 1001 837 ita
1023 773 1099 837 vult
1115 773 1264 850 delinire,

150 894 190 955 ut
212 907 287 954 eam
311 907 388 954 esse
410 890 630 970 intelligatur,
654 909 729 972 quae
752 891 873 954 ultima
897 892 1029 971 syllaba
1052 863 1146 955 uerbi
1163 908 1264 971 spou-

149 1008 234 1072 diaci
268 1007 323 1071 vel
356 1007 387 1070 in
422 1010 608 1087 spondeum
639 1009 791 1072 cadentis
824 1012 859 1072 et
882 1009 1128 1089 anapaesticum
1151 1008 1205 1073 vel
1227 1009 1263 1072 iu

150 1129 365 1206 anapaestum
393 1125 579 1189 desinentis
610 1129 706 1191 vetet
730 1143 825 1190 arses
849 1128 978 1206 parium
1003 1128 1149 1191 locorum
1173 1126 1265 1207 dipo-

150 1243 212 1307 diae
243 1244 398 1323 yambicae
430 1244 483 1309 vel
516 1244 696 1308 trochaicae
731 1244 894 1324 occupari.
939 1245 1058 1308 Mirum
1093 1250 1264 1325 quantum

150 1361 212 1424 hoc
245 1361 287 1424 ad
322 1364 482 1425 accentus
516 1362 671 1441 ictusque
700 1361 910 1425 coricordiam
938 1362 1100 1440 adjuvare
1122 1378 1265 1426 necesse

150 1481 220 1557 est;
255 1495 334 1541 nam
367 1479 424 1543 ubi
455 1479 601 1559 jambica
633 1496 703 1543 vox
736 1479 857 1542 ultima
885 1479 1018 1559 syllaba
1040 1478 1145 1542 arsim
1166 1477 1264 1543 illam

150 1613 214 1659 non
250 1599 402 1676 occupat,
436 1600 538 1676 certe,
572 1598 731 1677 quoniam
765 1596 878 1661 verbis
912 1595 1104 1676 spondiacis
1141 1596 1194 1660 vel
1228 1593 1264 1660 in

151 1713 338 1793 spondeum
373 1714 604 1779 desinentibus
627 1716 681 1780 vel
704 1714 920 1795 anapaesticis
943 1715 1014 1778 haec
1037 1713 1171 1777 licentia
1194 1731 1263 1777 nou

150 1832 329 1911 praebetur,
357 1833 546 1896 necessario
568 1834 608 1896 iit
630 1834 814 1897 concordia.

233 1949 342 2030 Quam
376 1949 493 2031 legem,
528 1953 566 2014 ut
589 1967 692 2030 supra
715 1950 881 2031 scriptum
904 1953 968 2029 est,
992 1951 1034 2013 ab
1064 1950 1264 2014 Hermanno

149 2067 257 2147 primo
284 2069 457 2132 inventam
485 2071 521 2131 et
548 2067 794 2148 prolegomenis
823 2068 997 2131 llitsohelii
1027 2066 1054 2130 si
1084 2066 1264 2130 nonsatis

149 2201 360 2265 expressam,
391 2189 429 2249 at
458 2189 572 2249 tamen
599 2186 682 2250 bene
705 2186 950 2263 confirmatam,
974 2184 1110 2248 minime
1132 2184 1265 2263 primus

150 2302 324 2382 indagavit
352 2303 505 2367 Meierus.
550 2303 587 2366 Ei
610 2307 725 2366 autem
749 2303 810 2367 soli
834 2304 974 2366 hocest
997 2301 1264 2381 attribuendum,

150 2420 238 2500 quod
261 2420 324 2500 legi
348 2437 469 2484 nomen
495 2420 575 2484 illud
599 2420 728 2484 indidit.

233 2538 389 2618 Magnam
412 2537 515 2618 igitur
537 2542 671 2618 partem
694 2538 797 2617 illam,
828 2555 904 2618 quae
926 2536 1015 2616 apud
1038 2535 1183 2599 comicos
1207 2552 1262 2599 ex-

150 2655 292 2734 hibetur,
316 2656 524 2751 concordiam
549 2657 592 2719 ad
615 2656 710 2736 banc,
745 2672 848 2736 quam
872 2655 952 2718 dicit
974 2655 1082 2734 legem
1109 2652 1262 2732 dipodiae,

150 2775 298 2837 revocat.
342 2773 510 2838 Ultimam
537 2774 625 2837 enim
649 2774 818 2854 syllabam
841 2773 900 2845 (cir
922 2772 1035 2836 Meieri
1057 2774 1263 2835 commenta-

150 2890 278 2954 tionem
312 2908 386 2971 pag.
416 2892 486 2964 106)
519 2893 589 2955 ictu
621 2894 779 2955 notatam
804 2893 905 2953 tanta
927 2888 961 2952 vi
983 2889 1016 2952 in
1040 2905 1140 2952 aures
1162 2887 1262 2968 qnasi

150 3008 345 3088 intorqueri,
378 3013 417 3072 ut
449 3013 630 3089 propterea
662 3026 737 3072 eam
767 3007 900 3087 proprie
923 3006 1116 3086 respexisse
1138 3009 1262 3085 poetas

150 3127 246 3190 l'acile
271 3130 445 3207 appareat.
490 3127 596 3206 Quam
630 3127 672 3189 ob
699 3143 769 3189 rem
793 3124 951 3189 ultimam
974 3123 1143 3203 syllabam
1165 3122 1262 3186 verbi

150 3243 323 3324 spondiacl
355 3243 409 3308 vel
442 3243 640 3324 anapaestici
680 3247 801 3324 poetas
835 3259 935 3323 pares
969 3257 1065 3305 arses
1098 3256 1263 3319 occupare

149 3361 316 3440 vetuisse;
340 3361 415 3425 inde
438 3362 540 3442 igitur
561 3362 782 3426 concordiam

233 3480 296 3544 Sed
332 3480 403 3543 haec
436 3479 501 3543 duo
534 3496 657 3559 genera
691 3479 931 3542 vocabulorum
958 3494 1015 3540 cur
1038 3479 1109 3538 tam
1134 3474 1263 3553 inJ'uste

149 3597 308 3662 insectati
342 3596 421 3675 sint,
450 3596 490 3661 de
514 3598 577 3661 hac
599 3614 635 3660 re
657 3596 713 3661 ille
735 3596 826 3659 nihil.
870 3593 1044 3674 Propriam
1069 3595 1104 3656 et
1127 3592 1262 3655 unicam

150 3732 266 3779 curam
299 3714 421 3778 finibus
453 3715 523 3779 ictu
556 3715 685 3778 notatis
723 3717 843 3794 poetas
879 3712 1079 3776 attribuisse
1116 3710 1261 3774 Meierus

150 3833 338 3913 contendit;
371 3852 429 3897 cur
462 3851 528 3898 non
558 3834 641 3897 item
671 3831 849 3912 iambicis?
892 3830 947 3895 Ad
977 3829 1154 3894 arbitrium
1182 3844 1261 3908 ergo

151 3952 309 4033 quoniam
336 3953 477 4016 ultimas
504 3952 579 4016 illas
609 3951 761 4031 syllabas
791 3951 895 4015 semel
918 3947 1260 4029 elegerintcomicos

150 4072 213 4138 hoc
234 4071 418 4138 concordiae
440 4070 582 4137 fortuito
599 4069 732 4134 dedisse
747 4071 858 4152 putat,
877 4086 943 4133 non
959 4084 1034 4133 eam
1052 4068 1259 4150 spectantes.
