2834 4596
225 257 245 319 4

183 422 340 488 facillime
362 423 547 503 apparebit.
593 421 635 485 m
657 421 720 484 hoc
735 437 831 501 paene
846 420 878 483 in
896 438 999 485 manu
1015 426 1079 487 est.
1124 423 1185 487 llla
1201 425 1290 488 cuim

183 540 316 622 syllaba
348 539 376 602 si
404 539 437 602 in
460 556 616 602 sermone
640 538 835 619 quotidiano
858 557 1043 620 numquam
1067 541 1209 620 acuitur,
1233 543 1289 605 mi-

182 675 256 721 rum
282 656 386 721 videri
409 673 547 720 necesse
570 658 633 735 est,
657 657 687 719 si
709 657 830 720 ceteris
853 656 990 719 omissis
1012 656 1069 719 illa
1090 657 1166 737 ipsa
1182 675 1289 722 occur·

182 775 226 838 rit
249 777 360 839 acuta.
404 775 522 854 Neque
544 773 718 838 Bentleius
740 790 942 854 progressus
961 775 1015 837 est
1031 773 1172 853 longius.
1210 776 1289 839 Con·

182 909 319 956 sensum
352 891 454 972 igitur
486 891 574 954 inter
601 893 778 954 accentum
804 889 975 970 ictumque
1003 890 1052 953 ait
1075 891 1180 955 talem
1202 909 1288 971 esse,

180 1011 220 1072 ut
247 1009 280 1072 in
310 1008 457 1072 secunda
487 1007 632 1070 trimetri
652 1006 788 1086 Jambici
811 1005 943 1086 dipodia
965 1011 1126 1071 accentus
1149 1009 1289 1072 ultimas

181 1125 333 1207 syllabas
355 1124 472 1188 evitet.

263 1241 318 1307 W.
342 1241 486 1305 Meierus
513 1241 547 1304 in
576 1240 862 1305 commentatione
891 1237 989 1314 sua*)
1012 1259 1086 1322 pag.
1111 1244 1147 1306 11
1165 1243 1289 1324 regulae

179 1361 269 1425 illius
292 1363 424 1440 partem
449 1357 572 1422 falsam
595 1374 671 1422 esse
687 1357 866 1422 ostendere
882 1362 1040 1423 conatur:
1064 1377 1142 1423 narn
1159 1378 1288 1453 caesura

180 1479 208 1543 si
231 1478 432 1542 observetur
454 1475 547 1540 tertii
569 1475 674 1556 pedis,
698 1475 880 1539 secundam
902 1475 1071 1555 dipodiam
1087 1479 1191 1541 verbo
1204 1478 1287 1558 jarn-

179 1595 251 1659 bico
281 1594 470 1674 saepissime
496 1593 592 1657 finiri.
643 1593 697 1656 Ita
723 1610 795 1656 rem
823 1609 860 1656 se
887 1593 1010 1658 habere
1032 1595 1119 1675 apud
1143 1595 1287 1659 comicos

179 1713 309 1793 aliquot
341 1711 507 1791 exemplis
534 1711 712 1774 confirmat
745 1728 763 1774 e
795 1711 939 1775 Publilio
968 1711 1053 1792 Syro
1076 1713 1285 1793 conquisitio.

178 1829 297 1894 Melius
320 1829 385 1893 fuit
408 1828 481 1892 sine
504 1828 604 1893 dubio
627 1844 699 1891 rem
722 1829 810 1892 haud
835 1846 917 1893 sane
941 1829 1104 1893 usitatam
1122 1832 1286 1912 exemplis

178 1964 199 2011 a
220 1946 356 2012 comicis
377 1945 567 2026 assumptis
583 1945 790 2009 confirmare.
825 1946 924 2010 Hunc
939 1946 1049 2010 locum
1065 1947 1178 2027 paullo
1194 1966 1286 2014 accu-

177 2065 287 2129 ratius
309 2064 391 2129 libet
414 2065 633 2143 pertractare.

261 2182 398 2246 Oaesura
431 2181 521 2246 enim
555 2180 803 2262 semiquinaria,
838 2183 875 2244 ut
906 2181 1046 2260 assolet,
1073 2183 1228 2261 respecta
1257 2183 1286 2246 si

177 2303 337 2382 quartum
367 2300 486 2381 pedem
517 2300 658 2378 occupet
686 2315 754 2362 vox
778 2298 934 2378 jambioa,
962 2302 1042 2362 ante
1064 2315 1142 2363 eum
1165 2300 1284 2379 pedem

177 2417 365 2482 subsistere
387 2417 529 2481 verbum
551 2417 826 2498 monosyllabum
849 2416 936 2480 satis
958 2415 1098 2496 liquebit
1118 2417 1172 2480 vel
1193 2435 1283 2498 pyrr·

176 2534 373 2613 bichiacum,
397 2534 485 2615 quod
501 2551 577 2598 cum
595 2534 704 2614 priore
719 2534 840 2598 ultima
855 2533 998 2601 tertium
1013 2533 1137 2597 efficiat
1153 2535 1282 2615 pedem.

176 2652 240 2717 Sed
264 2670 367 2733 quum
390 2652 440 2716 ita
461 2668 583 2716 versus
605 2652 640 2715 in
662 2652 747 2716 duas
769 2653 896 2732 partes
919 2653 1036 2715 ternos
1059 2650 1161 2731 pedes
1182 2653 1283 2716 conti·

175 2772 306 2849 nentes,
330 2769 501 2834 dividatur
523 2787 653 2834 caesura
677 2769 796 2845 media,
820 2744 1060 2833 alexandrinus
1084 2768 1140 2849 qui
1162 2771 1283 2848 postea

175 2891 230 2952 est
252 2891 397 2952 vocatus
420 2887 577 2950 nimirum
602 2887 755 2964 efficitur,
778 2885 810 2949 id
834 2886 921 2966 quod
945 2888 1080 2980 veteres
1102 2886 1149 2949 illi
1165 2887 1282 2950 sedulo

175 3005 353 3069 evitabant
375 3005 409 3068 in
432 3004 564 3069 senario
585 3004 743 3084 iambico.

259 3121 352 3202 Quod
376 3121 404 3184 si
428 3121 503 3202 quis
527 3123 669 3202 quaerat,
693 3138 775 3185 num
790 3119 920 3183 licuerit
936 3136 1122 3199 numquam
1136 3118 1282 3183 mediam

175 3240 320 3304 tolerare
343 3256 519 3318 caesuram,
548 3237 679 3303 facilius
701 3238 764 3302 hoc
786 3237 905 3301 vitium
931 3236 1150 3317 patiebantur
1172 3253 1282 3306 aures,

177 3355 205 3418 si
229 3355 331 3420 solita
353 3373 484 3420 caesura
507 3358 645 3420 carebat
667 3372 798 3433 versus,
821 3357 860 3418 ut
883 3353 949 3417 hic:

259 3472 349 3536 ’nam
371 3473 430 3553 pro
454 3474 553 3537 deum
576 3476 680 3553 atque
702 3472 876 3536 hominum
899 3471 998 3534 fidem
1022 3470 1100 3550 quid
1116 3471 1170 3534 vis
1186 3469 1282 3534 tibi?’

175 3588 229 3653 vel
252 3589 366 3654 soluta
388 3593 462 3654 erat
485 3591 657 3672 longitudo
679 3589 772 3653 tertii
794 3589 899 3669 pedis,
923 3592 962 3652 ut
984 3587 1050 3651 hic:

258 3703 350 3770 'mihi
378 3707 427 3771 sic
453 3711 509 3772 est
535 3725 636 3772 usus:
670 3707 732 3770 tibi
760 3710 800 3770 ut
829 3723 915 3786 opus
943 3705 1080 3782 factost,
1114 3701 1197 3768 face'
1230 3706 1281 3768 et:

259 3811 431 3914 'Dionpsia
453 3833 506 3897 hic
528 3836 610 3896 sunt
632 3831 743 3896 hodie:
767 3831 856 3912 apud
879 3848 933 3894 me
956 3831 1005 3894 sis
1028 3829 1125 3894 volo’.

257 4010 276 4072 ⁸)
311 4007 406 4062 Uebor
423 4005 468 4061 die
486 4005 696 4071 Becbaohtung
713 4003 763 4058 des
781 4004 1001 4058 Wortaocentes
1018 4002 1048 4056 in
1066 4001 1117 4055 der
1133 4001 1283 4055 altiateini·

173 4092 264 4146 sohen
282 4090 391 4146 Poesie.
426 4090 498 4145 Vide
517 4089 641 4143 indicem
659 4088 840 4156 scriptorimr,
858 4102 931 4154 quos
948 4085 1071 4142 laudavi.
