2834 4596
223 253 263 317 16

179 418 276 500 longe
309 420 537 486 usitatissimo
570 455 599 463 -
631 421 797 486 rationem
831 425 990 486 accentus
1023 421 1180 503 ictusque
1213 423 1289 488 inde

179 536 222 599 ab
256 541 332 601 ortu
366 538 465 618 hujus
494 555 616 603 versus
639 555 746 618 usque
769 539 810 602 ad
834 539 1055 605 Claudianum
1077 541 1220 605 eandem
1243 542 1288 606 iu·

178 653 247 717 isse
270 657 305 718 et
326 655 466 719 eandem
490 655 559 719 iere
580 660 684 736 atque
700 656 788 736 apud
804 674 941 736 graecos,
958 658 977 721 l.
994 675 1021 722 e.
1037 658 1070 721 in
1087 659 1286 724 hexametro

179 771 357 836 doctorum
380 777 556 836 accentum
579 773 660 836 nibil
682 777 838 837 curatum
862 791 938 838 esse
960 777 1106 839 constat.

261 889 338 952 Jam
371 906 452 954 vero
485 893 525 953 ut
549 890 591 954 ad
625 893 736 954 metra
760 894 979 955 transeamus
997 892 1144 972 jambica
1166 898 1202 958 et
1223 897 1289 959 tro·

179 1007 303 1083 chalce,
326 1024 347 1070 a
369 1007 529 1087 principio
552 1007 607 1071 lex
629 1008 835 1088 quantitatis
858 1008 992 1072 videtur
1020 1011 1164 1089 quodam
1189 1013 1290 1076 modo

179 1124 344 1188 rationem
380 1127 541 1189 accentus
574 1127 609 1188 et
642 1125 730 1205 apud
762 1125 920 1205 vulgares
952 1127 1157 1191 turbavisse.
1224 1128 1288 1193 Sed

179 1244 257 1320 pest
291 1241 429 1318 sensim,
463 1241 747 1322 quemadmodum
778 1242 872 1306 brevi
900 1243 1026 1325 jamin
1050 1249 1125 1309 arte
1148 1246 1289 1327 vulgari,

179 1358 228 1422 ita
249 1358 292 1422 ad
316 1362 527 1438 postremum
552 1361 655 1424 etiam
679 1361 767 1440 apud
791 1361 910 1424 doctos
932 1365 1092 1426 accentus
1108 1357 1290 1444 pristinum

179 1478 359 1556 occupavit
382 1478 616 1557 principatum.

262 1595 298 1658 ln
333 1595 442 1658 medio
475 1598 609 1659 autem'
629 1595 878 1676 quodammodo
911 1597 1141 1662 constiterunt
1163 1600 1290 1664 cornici.

179 1712 316 1776 Rationi
345 1713 433 1776 enirn
463 1713 669 1793 quantitatis
693 1723 900 1794 quamquam
923 1715 1036 1779 omnia
1059 1715 1127 1780 iere
1150 1717 1290 1782 attribu·

179 1833 287 1909 erunt,
311 1830 360 1893 ita
383 1835 432 1910 ut,
456 1832 485 1894 si
508 1831 549 1894 ad
573 1848 742 1904 summam
767 1836 972 1911 spectemus,
994 1834 1173 1912 parvulum
1190 1835 1291 1899 modo

182 1951 300 2012 contra
323 1949 430 2029 legem
446 1949 538 2013 illam
556 1949 619 2013 sibi
634 1948 835 2013 indulserint
850 1949 884 2012 in
898 1967 1011 2029 versu,
1027 1951 1157 2032 copiam
1173 1954 1291 2016 tamen

179 2067 368 2147 verborum,
403 2068 434 2130 in
459 2084 526 2148 qua
548 2068 785 2145 versabantur,
815 2067 864 2131 ita
888 2084 1028 2147 prorsus
1051 2068 1290 2146 distinxerunt,

179 2188 219 2247 ut
242 2184 378 2249 minime
400 2185 483 2249 laesa
506 2185 700 2266 quantitate
729 2188 764 2249 et
793 2185 923 2250 offensa
945 2189 1121 2250 accentum
1145 2187 1289 2268 quodam

180 2303 281 2366 modo
314 2319 380 2367 non
414 2302 632 2384 neglexerint.
675 2303 762 2367 Nam
790 2305 829 2367 ut
850 2304 938 2385 apud
963 2303 1091 2385 doctos,
1114 2305 1164 2368 ita
1186 2305 1291 2370 etiarn

180 2421 270 2502 apud
303 2421 462 2502 vulgares
496 2425 636 2501 egerunt
663 2421 811 2500 fabulas;
846 2424 881 2485 et
904 2422 1064 2502 quoniam
1089 2425 1229 2501 sectam,
1253 2426 1292 2487 ut

179 2538 229 2603 ita
251 2539 370 2617 dicam,
395 2539 576 2604 literarium
601 2557 785 2620 graecorum
809 2539 966 2619 amplexi,
986 2543 1096 2604 artem
1112 2539 1204 2603 illam
1223 2541 1292 2604 vul·

180 2674 295 2738 garam
328 2658 534 2737 spernebant
568 2657 795 2730 rudissimam,
829 2656 1023 2738 quantitate
1056 2656 1106 2721 ita
1142 2674 1291 2737 prorsus

180 2779 220 2841 ut
248 2777 435 2857 poscebant
465 2776 565 2855 leges,
589 2795 664 2857 quae
686 2779 761 2839 tum
784 2778 882 2839 erant
905 2775 1113 2853 constitutae,
1136 2778 1292 2854 respecta
1372 2787 1374 2791 ·

181 2895 350 2961 faciebant
384 2911 514 2971 versus
549 2894 606 2957 sed
641 2896 680 2957 ut
713 2896 748 2957 et
782 2893 871 2972 apud
898 2892 1021 2971 vulgus
1043 2895 1178 2956 actores
1201 2893 1292 2956 ultra
1321 2908 1324 2913 ·

182 3015 267 3078 ilnes
290 3013 455 3095 quosdam
478 3011 511 3075 in
536 3009 720 3074 offensione
743 3013 903 3074 accentus
926 3009 1105 3089 procedere
1127 3026 1193 3074 non
1217 3009 1291 3072 ausi

182 3135 273 3195 sunt.
318 3131 411 3211 Quod
435 3130 465 3193 si
487 3128 699 3193 duricordiam
721 3127 824 3206 illam,
855 3127 895 3190 de
918 3144 985 3208 qua
1008 3127 1201 3207 quaerimus
1224 3143 1291 3190 ma-

180 3251 287 3331 jorem
309 3249 464 3313 videmus
486 3246 575 3327 apud
597 3245 788 3310 Terentium
814 3262 916 3326 quam
939 3245 1028 3325 apud
1044 3244 1213 3321 Plautum,
1229 3244 1291 3306 hoc

181 3368 245 3432 sibi
272 3366 352 3430 nihil
375 3366 463 3430 aliud
486 3364 562 3429 vult
584 3382 687 3445 quam
710 3364 814 3442 illum,
842 3363 1032 3427 rudimento
1059 3361 1195 3425 doctum
1219 3377 1292 3424 auc-

182 3485 267 3550 toris
299 3484 332 3548 in
359 3487 433 3547 arte
464 3482 592 3561 majore
615 3481 757 3546 scientia
779 3480 957 3560 utriusque
981 3478 1123 3543 rationis
1146 3477 1292 3541 consoci-

183 3603 280 3668 andae
302 3605 478 3666 versatum
501 3617 587 3664 esse.
619 3598 809 3664 Similitudo
827 3601 941 3662 autem
959 3597 1173 3673 comicorum,
1190 3611 1292 3674 quam

182 3721 271 3802 apud
305 3718 482 3783 Publilium
517 3718 639 3798 Syrum
673 3719 708 3779 et
741 3715 920 3780 Phaedrum
943 3713 1032 3777 haud
1056 3713 1192 3776 dubiam
1214 3725 1291 3774 esse

183 3840 335 3919 apparet,
369 3835 446 3916 quid
480 3835 570 3899 allud
603 3836 658 3898 est
690 3850 793 3913 quarn
826 3830 974 3894 imitatio
1001 3828 1134 3894 illorum
1158 3844 1292 3893 summo

183 3974 258 4020 cum
294 3954 408 4018 studio
441 3956 545 4032 atque
577 3968 657 4015 cura
684 3949 800 4013 facta?
832 3949 948 4028 Neque
970 3948 1058 4010 eninr
1082 3950 1156 4010 turn
1181 3945 1293 4008 minus

183 4090 284 4154 quam
309 4072 387 4136 olim
412 4070 621 4150 temporibus
644 4067 851 4131 comicorum
873 4065 982 4129 valuit
1005 4065 1059 4128 lex
1075 4062 1292 4144 quantitatis,
