2834 4596
1186 271 1207 334 3

144 434 305 513 assecuti,
319 433 436 496 deinde
449 432 643 512 disquirere,
656 449 737 494 num
753 432 816 495 hac
830 432 887 494 via
902 431 1034 495 illorum
1051 434 1249 517 rationeque

141 555 183 618 ad
207 555 334 616 certum
355 550 513 629 iudicium
532 547 644 628 possit
659 547 834 627 perveniri.
868 547 959 628 Quod
976 549 1047 613 fieri
1063 569 1127 614 non
1147 570 1249 632 posse

140 672 169 735 si
201 670 282 733 mibi
310 668 484 747 continget
507 672 546 731 ut
569 667 810 743 demonstrem,
835 667 1023 746 temptabo,
1052 669 1080 731 si
1103 670 1248 734 alteram

140 787 198 851 illa
220 786 392 849 meliorem
416 801 493 848 esse
515 788 550 847 et
573 783 750 846 certiorem
774 782 904 870 possim
930 783 1117 848 ostendere.

225 904 377 966 Primum
400 900 502 980 igitur
524 897 698 962 Bentleius
721 897 752 960 in
777 897 1044 962 'Schediasmate
1067 900 1107 963 de
1130 903 1249 967 metris

144 1017 364 1084 Terentianis'
389 1017 546 1081 editionis
570 1033 641 1080 suae
668 1016 812 1079 Terentii
842 1034 915 1096 pag.
948 1018 983 1079 17
1012 1017 1060 1081 sic
1082 1019 1248 1101 disputat:

143 1135 188 1198 ’Id
217 1135 347 1198 Latinis
377 1133 524 1210 comicie,
554 1133 609 1213 qui
637 1131 772 1196 fabulas
795 1149 878 1196 suas
901 1133 1024 1214 populo
1047 1135 1178 1214 placere
1200 1156 1251 1203 cu·

141 1257 270 1333 parent,
299 1269 503 1336 magnopere
531 1251 720 1316 cavendnm
745 1254 829 1331 erat,
853 1269 894 1316 ne
916 1255 1035 1316 contra
1057 1253 1178 1334 linguae
1200 1273 1251 1337 ge·

141 1371 234 1434 nium
262 1372 351 1436 ictus
379 1389 439 1435 seu
469 1371 629 1434 accentus
658 1370 691 1432 in
719 1387 850 1451 quoque
878 1386 980 1434 versu
1007 1370 1159 1450 syllabas
1181 1390 1251 1436 ver-

142 1489 261 1552 borum
281 1489 422 1552 ultimas'
437 1486 661 1566 occuparent'3
684 1488 719 1549 et
734 1503 809 1566 pag.
828 1487 880 1550 18:
905 1487 1028 1550 'totum
1045 1492 1162 1555 autern
1178 1489 1250 1571 hoc,

143 1607 230 1686 quod
259 1608 299 1670 de
328 1608 397 1671 ictu
424 1607 457 1670 in
488 1605 618 1669 ultimis
641 1603 781 1685 syllabis
804 1608 943 1668 cautum
966 1605 1072 1670 inisse
1095 1607 1251 1687 diximus,

144 1724 184 1789 de
207 1726 355 1788 secunda
379 1727 516 1788 tantum
545 1723 691 1787 trimetri
714 1723 847 1802 dipodia
870 1724 1083 1805 capiendum3
1116 1743 1194 1789 nam
1219 1726 1251 1789 ln

144 1841 252 1922 prima
275 1845 310 1905 et
331 1841 434 1905 tertia
458 1858 592 1920 semper
614 1840 722 1917 licuit;
757 1840 922 1920 siquidem
956 1842 1025 1906 ista
1054 1843 1126 1906 sine
1153 1843 1252 1906 venia

143 1959 394 2023 conclamatum
428 1961 610 2038 actumque
641 1961 715 2022 erat
744 1959 784 2022 de
811 1960 985 2024 comoedia
1013 1959 1253 2042 tragoediaque

142 2078 259 2141 latina.
283 2095 359 2141 cum
382 2077 484 2157 igitur
505 2078 593 2140 hunc
616 2093 755 2140 versum
776 2076 970 2157 similesque
986 2078 1075 2158 apud
1093 2082 1250 2143 nostrum

143 2195 277 2274 videris
312 2195 446 2259 'Malum
483 2196 570 2275 quod
593 2195 651 2257 isti
674 2194 709 2257 di
731 2195 868 2275 deaeque
891 2197 1008 2259 omncs
1032 2197 1147 2277 duint’,
1170 2214 1253 2261 cave

144 2313 227 2376 vitio
248 2313 284 2377 id
307 2316 418 2393 poetae
441 2314 599 2392 verteris3
632 2314 698 2377 etsi
730 2311 878 2376 ’malum'
901 2313 980 2377 illud
1004 2316 1039 2378 et
1062 2315 1203 2380 'omne's’
1224 2317 1253 2380 si

144 2432 177 2494 in
199 2431 368 2495 communi
394 2432 469 2512 quis
493 2449 649 2495 sermone
672 2433 720 2495 sic
741 2432 902 2511 acuisset,
926 2433 1103 2499 deridiculo
1119 2437 1251 2501 fuisset.

144 2550 301 2615 nimirum
325 2568 425 2616 aures
448 2551 501 2615 vel
524 2552 641 2616 invitae
665 2552 834 2631 patienter
857 2551 888 2614 id
912 2551 1075 2631 ferebant,
1099 2553 1256 2634 sineque

145 2685 186 2731 ne
209 2685 277 2731 nna
300 2669 435 2749 quidem
457 2668 491 2731 in
510 2668 625 2732 fabula
648 2686 760 2732 scaena
782 2672 918 2748 poterat
940 2668 1085 2732 edolari'.

227 2787 280 2850 Ad
308 2802 358 2865 ea,
385 2804 462 2866 quae
491 2786 543 2850 lric
567 2786 727 2851 disseruit
749 2787 932 2866 BentleiuS,
960 2803 1040 2850 mox
1063 2791 1254 2853 revertetur

144 2905 268 2983 oratio,
291 2922 379 2968 nunc
402 2905 465 2967 hoc
487 2904 597 2968 solum
621 2904 770 2968 afferam.
1310 2886 1312 2890 ¹

228 3024 262 3089 Si
285 3041 350 3088 non
375 3024 509 3103 diserte,
533 3026 570 3087 at
593 3027 708 3088 tamen
732 3025 818 3087 satis
842 3027 960 3104 aperte
983 3023 1072 3104 dicit,
1094 3023 1199 3087 ictum
1218 3041 1253 3088 re

145 3159 225 3206 vera
253 3141 342 3205 idern
371 3158 448 3205 esse
475 3145 579 3222 atque
607 3145 783 3206 accentum
811 3143 830 3205 i.
859 3161 886 3206 e.
914 3143 1019 3206 ictum
1043 3158 1119 3206 esse
1142 3159 1253 3207 accen-

143 3261 228 3339 tum,
252 3276 318 3339 quo
341 3258 374 3321 in
397 3260 488 3338 poesi
512 3263 655 3323 acuatur
678 3260 826 3340 syllaba;
850 3260 939 3338 apud
965 3261 1111 3323 comicos
1127 3259 1253 3323 latinos

144 3376 230 3440 alias
258 3376 410 3456 syllabas
434 3380 537 3456 atque
565 3395 623 3452 eae,
647 3396 721 3457 quse
741 3380 815 3457 y'ure
838 3377 948 3440 ferant
972 3380 1159 3456 accentum,
1183 3377 1253 3442 ictu

144 3493 163 3556 i.
187 3510 214 3556 e.
239 3498 379 3556 accentu
404 3512 506 3574 posse
529 3495 628 3572 feriri,
652 3513 727 3574 quae
750 3498 865 3559 autern
889 3495 961 3558 acui
979 3495 1122 3572 soleant,
1145 3512 1204 3559 eas
1220 3495 1253 3558 in

144 3611 236 3689 poesi
267 3628 408 3690 prorsus
438 3614 579 3675 accentu
603 3611 704 3676 solito
727 3628 839 3676 carere
861 3629 963 3692 posse
986 3615 1089 3692 atque
1111 3613 1254 3676 verbnm

145 3726 276 3806 perdito
300 3744 362 3791 suo
387 3727 490 3791 alium
514 3729 667 3810 recipere.

228 3845 305 3908 Jam
339 3862 420 3909 vero
448 3845 488 3908 de
518 3845 649 3910 ultimis
677 3847 776 3910 modo
800 3846 941 3927 syllabis
965 3863 1068 3926 quum
1092 3846 1254 3927 disputet,

144 3965 276 4025 ceteras
309 3962 488 4042 relinquat,
523 3981 599 4026 eum
633 3963 798 4044 imprimis
829 3964 869 4027 de
897 3981 936 4026 eo
959 3964 1138 4043 cogitasse,
1166 3964 1254 4043 quod

144 4079 233 4159 apud
258 4078 383 4142 latinos
406 4080 527 4143 ultima
551 4080 684 4161 syllaba
706 4098 841 4162 semper
863 4080 931 4143 fere
952 4085 1082 4144 careret
1102 4084 1254 4160 accentu,
