2834 4596
287 251 328 314 26

245 417 436 482 molossiois
459 416 573 497 posita
594 419 650 480 est
673 415 726 480 vel
749 415 949 496 spondiaois,
972 417 1014 480 00
1037 417 1100 480 has
1122 420 1359 500 0000001100-

246 551 302 598 ras
323 533 560 599 transferenda
583 536 646 597 est.
691 532 826 596 Minime
849 532 938 597 enim
961 533 1022 598 hoo
1045 551 1100 599 me
1122 534 1210 599 fallit
1232 553 1299 600 non
1323 537 1358 602 10

245 653 363 717 eadem
376 669 415 716 00
427 667 531 731 supra
546 650 677 715 ratione
692 633 764 714 rem
779 649 918 713 versari.
953 649 1018 714 Sed
1035 652 1195 731 quoniam
1207 655 1358 720 maxime

245 768 405 838 intricata
436 771 472 832 00
504 771 662 833 contorta
694 769 749 832 est
782 767 960 848 utriusque
983 768 1029 832 rei
1052 768 1358 835 verisimilitudinis

244 888 436 970 disquisitio
469 889 504 952 et
537 886 728 967 explicatio,
758 885 855 950 nobis
878 885 1021 951 forsitan
1045 886 1132 950 satis
1155 887 1201 951 sit
1223 886 1358 952 demon·

244 1008 378 1078 strasse
399 1004 641 1069 vocabulorum
664 1003 813 1067 omnium
836 1003 971 1084 longam
994 1002 1243 1084 praeferentium
1267 1023 1357 1086 paen·

244 1122 401 1186 ultimam
431 1121 607 1202 aliquanto
633 1120 667 1184 in
690 1136 829 1183 numero
852 1119 992 1183 eandem
1016 1121 1228 1199 concordiam
1252 1140 1358 1203 quam

244 1238 370 1303 latinos
403 1255 530 1320 graeoos
561 1241 735 1318 praestare,
763 1237 797 1300 10
819 1235 922 1300 certis
945 1236 1020 1300 aliis
1047 1271 1077 1279 -
1104 1238 1209 1303 etiam
1232 1243 1266 1303 10
1290 1242 1357 1305 tro·

244 1358 382 1430 chalcis:
415 1357 493 1421 vide
526 1373 631 1437 supra
663 1356 800 1419 schema
826 1354 906 1419 11100
930 1388 967 1398 -
992 1356 1104 1435 000110
1126 1356 1276 1422 fortasse
1298 1359 1356 1427 mi·

244 1492 370 1541 norem.
415 1473 553 1540 Minima
575 1473 687 1537 neseio
710 1489 753 1537 an
779 1472 825 1536 sit
848 1473 1026 1537 concordia
1048 1473 1107 1538 1110
1122 1475 1210 1554 0000
1226 1493 1356 1556 graecos

244 1594 277 1658 in
299 1610 341 1658 ea
363 1593 484 1671 forma,
507 1610 583 1674 quae
605 1592 736 1657 ultimae
751 1591 907 1672 proxima
924 1592 1038 1672 posita
1053 1597 1123 1672 0010
1147 1611 1355 1675 quamquam

244 1727 286 1775 00
306 1711 338 1775 10
362 1711 425 1775 hae
447 1709 579 1791 quidem
602 1708 700 1789 graeei
723 1708 902 1788 spernendi
925 1711 1021 1798 sunt3
1044 1726 1124 1773 nam
1147 1709 1218 1774 fieri
1236 1715 1356 1791 potest

244 1829 333 1908 apud
365 1846 424 1894 eos
438 1819 631 1892 'concordia
663 1825 768 1905 etiam
801 1826 864 1890 sub
892 1826 1085 1891 condicione
1113 1832 1215 1908 certa,
1250 1847 1355 1910 quum

243 1945 333 2026 apud
355 1945 481 2010 latinos
504 1961 569 2008 000
592 1942 712 2026 possit.
1287 2007 1290 2010 s

326 2062 507 2127 Rationem
538 2079 627 2142 ergo,
662 2077 765 2142 quam
798 2060 1021 2142 supraposui
1045 2062 1213 2126 Corssenii
1237 2064 1281 2129 de.
1298 2081 1353 2129 vo·

244 2181 374 2246 oabulis
405 2197 482 2244 oum
516 2179 616 2260 longa
649 2178 783 2258 syllaba
804 2178 1012 2258 paenultima,
1046 2179 1127 2242 mibi
1144 2180 1216 2261 jam
1240 2180 1356 2246 videor

244 2298 436 2362 ostendisse
458 2295 548 2359 haud
570 2312 686 2359 veram
707 2311 784 2358 0000
806 2311 914 2374 neque
938 2293 1001 2358 sibi
1023 2298 1190 2360 constare.
1233 2297 1356 2364 Nonni-

244 2414 289 2478 hil
322 2431 530 2495 quamquam
562 2413 658 2478 latini
686 2413 804 2493 graecis
833 2429 1021 2494 expensum
1044 2413 1130 2479 ferre
1152 2420 1300 2494 possunt
1321 2418 1356 2482 in

243 2533 410 2614 eJusmodi
437 2532 559 2611 verbis,
588 2532 652 2596 hoo
674 2534 789 2596 tamen
813 2530 915 2594 certis
938 2531 1124 2596 commodis
1147 2535 1356 2612 00001000]-

243 2655 400 2733 0000000,
423 2654 462 2716 00
485 2650 597 2716 verbis
617 2649 783 2730 jembiois.

326 2771 490 2852 Prinoipio
518 2771 590 2852 jam
622 2769 864 2849 disputationis
898 2769 1009 2850 hujns
1043 2787 1110 2850 qua
1143 2775 1356 2851 argumenta·

244 2889 370 2955 tionem
399 2889 568 2954 Corssenii
590 2888 742 2952 refellere
764 2891 908 2951 0000000
931 2905 1018 2966 sum,
1042 2888 1105 2952 boo
1127 2890 1236 2953 000001
1258 2891 1356 2955 101010

243 3008 286 3072 ab
308 3007 413 3071 initiis
435 3023 513 3071 euni
535 3023 611 3070 esse
633 3005 1013 3087 profectum‚·quoniam
1028 3023 1072 3070 ex
1089 3006 1218 3071 ultimis
1241 3008 1354 3072 tribus

243 3127 336 3191 verbi
371 3126 635 3207 longitudinibus
667 3143 770 3189 unam
804 3141 953 3205 quaerere
989 3125 1094 3188 arsim
1130 3125 1150 3188 i.
1185 3142 1212 3188 0.
1248 3125 1355 3190 lotum

244 3245 359 3309 sedem
372 3244 507 3309 diceret.
535 3245 634 3308 Hane
650 3245 764 3307 autem
783 3242 888 3306 arsim
907 3241 1096 3321 saepissime
1111 3241 1198 3305 solvi
1214 3245 1356 3322 tumque

244 3362 380 3426 brevem
403 3361 571 3441 syllabam
595 3377 758 3441 occupare
780 3360 886 3424 ictum
909 3358 1178 3423 nemofortasse
1201 3376 1356 3426 000000·

242 3477 402 3542 fitebitnr.
446 3479 521 3543 Hoo
548 3482 664 3543 tamen
692 3478 891 3552 Corssenius
919 3477 952 3540 in
980 3477 1167 3557 quaestione
1196 3494 1259 3541 sua
1288 3495 1356 3542 om·

243 3594 321 3658 nino
345 3595 491 3676 negligit.
536 3596 748 3677 Quamquam
773 3595 805 3658 iu
830 3594 921 3659 nulla
948 3595 1159 3660 dubitatione
1185 3598 1356 3676 versatur,

243 3711 333 3792 quin,
361 3711 390 3774 si
416 3712 552 3776 omnino
580 3712 763 3792 disquirere
786 3712 882 3790 00110,
916 3717 994 3777 ulra
1028 3714 1061 3776 in
1086 3712 1200 3792 lingua
1224 3730 1355 3777 coneor-

243 3829 333 3894 diam
356 3833 516 3893 00000000
538 3830 694 3911 letusque
716 3829 848 3893 10011100
871 3830 1067 3910 assequaris
1090 3833 1194 3911 atque
1217 3829 1260 3893 00
1283 3847 1355 3895 000-

242 3946 388 4013 tentiam
411 3947 548 4015 minime
571 3948 707 4014 dubiam
730 3948 905 4032 pervenire
920 3947 1046 4028 000100,
1069 3948 1205 4013 brevem
1223 3964 1356 4029 quoque
