2834 4596
1181 247 1222 309 33

149 414 279 480 utenda
306 411 460 480 materia.
511 411 576 476 Hic
601 415 717 476 tamen
748 429 856 491 pauca
879 411 1018 475 dicenda
1040 415 1123 484 sunt
1145 412 1185 477 de
1207 413 1264 478 via

150 536 187 596 et
210 531 351 609 ratione,
375 546 442 610 qua
466 531 566 592 tinem
593 529 729 609 assequi
753 529 942 592 voluerunt.

235 647 416 711 Rationem
429 646 532 726 igitur
544 644 714 726 quandam
726 645 872 709 inierunt
884 647 1119 710 numerarium.
1143 648 1264 729 itaque

151 771 287 850 partem
309 780 406 828 suam
423 764 567 844 quisque
582 763 666 842 ejus
688 779 763 842 quae
778 763 906 839 exstat,
922 763 1075 828 materiae
1090 764 1263 845 eligentes

152 903 228 966 quae
261 884 294 947 in
328 898 460 963 quoque
493 881 576 960 pede
609 880 803 960 praebentur
836 879 954 944 sormae
986 881 1177 962 verborum,
1205 899 1265 946 eas

152 1017 289 1065 summo
313 998 427 1083 studio
449 1001 553 1077 atque
575 1013 655 1060 cura
670 996 907 1076 conquirentes
922 1001 1081 1062 accurate
1096 999 1264 1066 examina·

154 1120 288 1183 verunt.
333 1116 414 1197 Quae
447 1114 565 1179 formae
598 1117 700 1195 prout
732 1114 770 1190 in,
799 1130 933 1194 quoque
954 1116 1039 1196 pede
1061 1117 1188 1197 saepius
1210 1118 1265 1183 vel

153 1234 263 1299 rarius
279 1232 475 1311 exstabant,
490 1231 566 1295 inde
582 1231 716 1312 regulas
732 1231 899 1311 quasdam
915 1236 951 1297 et
966 1250 1114 1310 normas,
1131 1234 1265 1315 quando

153 1351 272 1416 comici
305 1349 567 1429 discrepantiam
599 1349 791 1429 probarent,
825 1349 960 1429 quando
987 1367 1064 1431 non,
1092 1368 1209 1416 eruere
1230 1355 1266 1416 et

155 1469 364 1534 constituere
387 1467 500 1531 conati
527 1469 616 1531 sunt.
1311 1456 1313 1460 ‘

242 1586 304 1650 Hae
325 1585 459 1667 quidem
482 1582 605 1664 regulae
620 1583 747 1648 eaedem
762 1584 832 1648 fere
847 1587 939 1664 sunt,
954 1587 1059 1665 atque
1075 1602 1160 1666 quas
1176 1587 1265 1667 apud

157 1704 381 1769 Ritschelium
403 1703 609 1782 invenimus;
640 1705 675 1781 et
703 1703 910 1784 quaestiones
933 1704 998 1768 iliae
1021 1704 1086 1769 alio
1109 1704 1178 1769 fere
1200 1722 1266 1772 non

155 1822 337 1904 pertinent,
360 1839 463 1902 quam
485 1824 525 1899 ut
548 1821 704 1885 omnibus
720 1821 869 1886 collectis
888 1823 1053 1903 exemplis
1071 1822 1267 1902 formarum,

151 1958 232 2022 ,quae
260 1941 292 2004 in
321 1956 454 2020 quoque
482 1940 554 2003 loco
578 1940 657 2018 sint,
680 1940 930 2005 Ritschelianas
952 1941 1165 2020 confirmare3
1200 1957 1267 2004 ma·

155 2058 243 2124 toria
275 2062 392 2123 tamen
424 2062 505 2122 sunt
538 2062 573 2122 et
606 2058 865 2124 fundamentum
904 2061 993 2125 haud
1030 2059 1267 2141 spernendum,

156 2177 261 2242 etiam
285 2176 314 2240 si
336 2177 515 2252 contrariis
538 2194 558 2252 a
580 2177 750 2257 principiis
774 2179 945 2257 proiectus
968 2196 1050 2258 rem,
1078 2178 1188 2259 qualis
1211 2178 1267 2257 sit,

156 2295 294 2376 penitus
327 2310 528 2373 cognoscere
563 2294 657 2358 velis.
702 2295 787 2358 Olim
822 2295 971 2361 fortasse
1004 2297 1109 2360 etiam
1135 2297 1198 2360 hos
1225 2295 1268 2360 ad

82 2425 91 2433 ·
157 2412 419 2494 pertractandos
442 2413 578 2477 dabitur
600 2414 742 2477 occasio.

241 2531 294 2595 Sic
325 2529 428 2611 igitur
458 2532 601 2596 semotis
624 2532 745 2597 ceteris
769 2533 863 2597 solus
885 2533 1086 2614 relinquitur
1107 2533 1268 2610 Meierus;

160 2650 217 2729 qui
239 2655 368 2714 sectam
393 2652 560 2716 Corssenii
584 2651 811 2732 amplectitur.
856 2652 906 2715 Ao
929 2651 1080 2731 profecto
1103 2669 1142 2715 eo
1159 2653 1268 2733 magis

161 2767 282 2846 dignus
313 2771 376 2846 est,
410 2770 467 2851 qui
500 2774 732 2850 cognoscatur,
767 2770 856 2850 quod
887 2769 1021 2849 etipse
1050 2769 1113 2833 sibi
1136 2774 1171 2834 et
1193 2771 1268 2834 aiiis

160 2886 295 2950 videtur
326 2888 368 2952 ad
403 2889 488 2951 hanc
528 2888 750 2967 quaestionem
783 2887 816 2951 id
842 2887 1012 2965 attulisse,
1039 2890 1158 2952 contra
1180 2889 1268 2969 quod

156 3005 226 3086 J'am
251 3005 416 3085 disputari
440 3023 506 3068 non
530 3006 648 3086 possit.
694 3009 802 3087 Quam
824 3007 865 3070 ob
889 3023 960 3069 rem
984 3005 1064 3069 mihi
1085 3005 1197 3069 visum
1214 3009 1268 3069 est

158 3140 224 3186 non
258 3123 415 3202 alienum,
449 3124 527 3202 quid
563 3123 770 3211 disseruerit,
804 3124 956 3203 pressius
984 3097 1100 3187 tamen
1123 3125 1159 3186 et
1181 3140 1268 3186 sum·

158 3239 280 3304 matim
313 3239 412 3303 modo
447 3244 527 3303 aute
556 3241 671 3304 ocuios
699 3258 892 3322 proponere,
915 3245 964 3318 ut,
988 3257 1054 3320 quo
1078 3239 1159 3303 mihi
1182 3238 1269 3304 vide·

158 3361 237 3422 atur
258 3359 341 3435 loco,
365 3375 414 3435 eo,
438 3358 566 3437 siquid
590 3361 710 3421 contra
732 3358 840 3422 dicere
862 3359 1003 3437 placeat,
1027 3358 1184 3421 inseram.

243 3480 352 3556 Quare
375 3492 394 3538 a
417 3475 537 3554 capite,
556 3491 621 3553 quo
638 3475 677 3539 de
693 3475 823 3554 legibus
839 3478 1000 3540 ⁴accentus
1016 3474 1132 3538 latinis
1148 3474 1270 3555 agitur,

159 3592 254 3657 velut
289 3593 383 3656 tonte
416 3595 528 3655 totam
563 3596 601 3655 ut
624 3593 787 3655 ducamus
810 3592 1044 3672 quaestionem,
1068 3610 1143 3672 quae
1166 3592 1206 3656 de
1228 3592 1270 3655 iis

159 3710 351 3790 disputavit
374 3710 513 3773 maximi
538 3708 711 3784 momenti,
735 3726 775 3773 ea
798 3709 850 3772 hio
872 3709 1019 3773 breviter
1036 3712 1238 3789 sequantur.

242 3828 335 3891 Ante
367 3830 483 3890 tamen
518 3827 580 3890 hoo
613 3843 781 3905 ponamus
814 3829 890 3891 toto
916 3827 956 3890 de
978 3827 1034 3890 iilo
1057 3843 1176 3907 genere
1199 3827 1271 3890 inec

159 3944 225 4008 duo
248 3962 326 4009 eum
350 3944 447 4007 nobis
471 3944 575 4007 uideri
599 3960 746 4006 errasse:
774 3962 889 4019 unum,
918 3943 1006 4023 quod
1029 3944 1147 4023 longas
1170 3944 1270 4007 modo

158 4062 312 4142 syllabas
331 4063 436 4125 ictum
452 4077 602 4140 quaerere
617 4061 805 4138 contendit3
829 4061 984 4139 alterum,
1000 4060 1087 4140 quod
1104 4061 1270 4125 rationem
