2834 4596
240 246 279 309 52

277 413 309 485 3)
342 413 535 493 septenario
564 413 710 493 J'ambico
739 415 886 480 comicos
919 433 986 480 non
1009 415 1059 480 ita
1081 416 1228 480 multum
1253 415 1306 480 de·

195 529 340 593 10000000
373 547 459 608 0000,
493 547 597 609 quum
632 531 704 608 ejus
737 533 869 610 generis
896 532 1023 597 habeat
1044 533 1188 596 Plautus
1214 534 1306 612 1200,

194 646 371 710 Terentius
393 647 455 709 880
477 650 613 710 tanturn
637 665 774 727 versus;
798 649 846 712 cfr
868 650 952 713 8000
973 650 1125 714 senarios
1138 649 1306 730 iambicos

194 764 230 827 et
251 764 335 827 8000
357 764 545 827 trochaicos
569 766 781 844 septenarios
803 767 892 846 apud
915 767 1095 846 Plautum;

184 942 187 947 .
277 882 308 953 4)
330 882 363 945 in
387 881 579 960 septenario
603 899 736 962 quoque
755 882 902 962 janibioo
926 883 1122 948 Terentium
1149 901 1241 964 saepe
1264 886 1308 951 le·

194 997 349 1078 gitimam
382 1015 547 1061 caesuram
582 999 748 1077 omisisse,
782 1000 905 1065 Plauto
939 1001 972 1064 in
1005 1001 1121 1081 paucis
1148 1003 1308 1067 versibus

195 1117 343 1193 auctore,
366 1117 402 1177 et
417 1115 624 1178 trochaicam
648 1116 858 1196 adhibuisse3

279 1232 309 1304 5)
339 1232 550 1296 octonarium
575 1232 760 1311 iambicum
789 1251 809 1298 a
831 1235 954 1299 Plauto
977 1238 1038 1299 aut
1060 1236 1093 1299 in
1115 1235 1213 1300 binos
1235 1254 1309 1302 ver·

196 1366 256 1414 sus
279 1348 433 1413 divisum
449 1367 526 1414 0000
553 1385 582 1392 -
609 1351 704 1414 hiatu
727 1354 763 1415 e't
778 1352 911 1433 syllaba
927 1352 1073 1432 ancipite
1088 1353 1251 1419 adhibitis
1272 1390 1303 1399 -

195 1470 256 1531 aut
277 1484 407 1531 oaesura
429 1468 599 1532 trochaica
621 1469 792 1534 abscisum
816 1487 907 1548 esse3

278 1585 310 1656 6)
345 1584 540 1649 Terentium
562 1590 677 1650 aulem
702 1587 799 1667 longe
822 1589 1007 1652 maximam
1041 1588 1142 1668 hujus
1174 1589 1308 1667 generis

195 1703 329 1782 partem
338 1702 827 1769 trochaicacaesuradisoidisse
836 1705 877 1769 cb
888 1722 1031 1786 eamque
1042 1722 1114 1769 rem
1127 1705 1189 1770 hoc
1199 1722 1311 1786 genus

195 1820 286 1900 apud
309 1836 388 1884 eum
405 1821 517 1900 magni
533 1821 745 1885 aestimaturn
761 1840 838 1886 esse
854 1823 915 1895 (cir
930 1823 1020 1903 apud
1036 1840 1129 1887 eum:
1153 1823 1311 1888 senarios

192 1937 358 2017 jambioos
390 1937 484 2018 8000,
518 1938 707 2003 trochaicus
742 1941 954 2020 septenarios
989 1941 1079 2018 1200,
1114 1941 1311 2005 octonarios

192 2055 359 2136 jambicos
386 2057 449 2120 800
475 2091 504 2098 -
533 2058 622 2137 apud
650 2057 808 2122 Plautum
838 2059 901 2123 300
922 2062 1059 2123 tantum
1087 2093 1117 2100 -
1141 2058 1311 2138 jambieos

197 2174 409 2253 septenarios
431 2175 514 2246 380).

280 2291 373 2371 Quod
398 2291 437 2356 de
460 2309 590 2356 caesura
613 2293 875 2375 disputavimus,
895 2295 964 2375 jam
988 2297 1028 2358 ut
1050 2294 1197 2358 breviter
1219 2311 1311 2358 com·

196 2408 394 2491 plectamur,
417 2409 588 2474 trochaica
610 2428 741 2475 casura
764 2411 860 2475 nobis
884 2411 1018 2476 videtur
1048 2411 1192 2491 quaesita
1218 2427 1310 2491 esse,

194 2527 341 2608 iambica
374 2531 540 2608 usurpata
573 2528 630 2592 illa
663 2529 807 2609 quidem,
837 2530 906 2607 sed,
933 2530 988 2593 ubi
1011 2529 1141 2593 serebat
1164 2529 1310 2604 occasio

196 2645 355 2726 relegata.
400 2646 443 2708 Et
476 2645 577 2725 huius
610 2646 658 2709 rei
690 2664 806 2711 curam
839 2650 999 2721 accentus
1032 2632 1194 2727 putamus
1229 2662 1311 2711 0000

197 2781 337 2828 oausam
362 2767 397 2828 et
420 2763 518 2843 quasi
540 2762 809 2828 fundamentum.

280 2881 334 2945 Ad
357 2884 607 2961 argumentum,
631 2882 719 2960 quod
743 2885 905 2946 accentus
927 2900 1015 2946 0000
1039 2882 1233 2946 defensores
1252 2882 1309 2947 vel

197 2999 436 3081 gravissimum
462 3001 671 3077 statuerunt,
692 2999 762 3078 jain
786 3000 1084 3079 transgrediamur.
1129 3000 1221 3062 Duas
1237 2999 1310 3063 bre·

196 3135 257 3182 ves
290 3117 431 3181 ultimas
467 3117 619 3197 syllabas
649 3116 742 3179 verbi
777 3117 1040 3197 hyperdisyllabi
1063 3116 1310 3197 numquamin

196 3235 300 3300 arsirn
335 3234 479 3299 incidere
503 3234 632 3314 jamdiu
664 3235 837 3314 cognitum
864 3238 980 3299 estet
1008 3235 1047 3312 ei,
1071 3234 1128 3314 qui
1150 3233 1232 3313 legit
1257 3249 1309 3297 oo·

197 3354 312 3430 00000,
340 3353 437 3417 facile
470 3352 623 3416 occurrit.
668 3352 722 3415 lta
750 3352 844 3416 nulla
870 3353 935 3416 sub
957 3352 1149 3416 condicione
1171 3351 1205 3414 in
1223 3350 1309 3431 Jam-

196 3471 298 3549 bicos,
327 3469 527 3546 trochaicus
555 3469 751 3534 000001οοοο
779 3486 900 3533 versus
929 3470 981 3532 ha>
1004 3469 1092 3533 ictus
1114 3470 1229 3549 figurae
1252 3468 1310 3531 ad·

197 3588 383 3652 mittuntur
405 3638 446 3644 ..
462 3615 503 3664 0
519 3633 560 3663 υ
602 3634 642 3663 υ
658 3616 698 3665 ς,
716 3608 772 3667 ,Α
802 3587 835 3649 in
858 3604 979 3650 versus
1003 3585 1230 3666 anapaesticos
1253 3584 1310 3648 ad·

197 3706 323 3770 missas
346 3722 423 3770 esse
445 3722 505 3769 eas
527 3708 630 3785 atque
651 3705 694 3768 ibi
719 3704 851 3783 longius
874 3707 992 3784 patere
1015 3702 1190 3768 contendit
1205 3701 1310 3782 Spen-

197 3823 324 3905 gelius·
361 3839 567 3903 quamquam
605 3821 667 3885 000
703 3839 863 3903 magnam
899 3821 1022 3885 habere
1058 3819 1308 3884 dubitationem

196 3941 315 4004 credas
338 3957 476 4005 necesse
499 3941 569 4018 est3
593 3956 672 4002 nam
697 3957 799 4019 quum
824 3955 941 4002 omnes
964 3938 1033 4001 fere
1056 3937 1211 4000 licentias
1233 3952 1310 3999 eon·

198 4058 338 4138 quisivit
367 4059 418 4122 vir
439 4058 493 4121 ille
517 4056 746 4135 doctissimus,
776 4060 888 4120 totum
914 4056 1008 4120 illurn
1031 4071 1165 4134 gregem
1189 4052 1221 4115 iu
1245 4043 1317 4115 hoc'
