2834 4596
192 250 213 314 8

234 417 385 482 Verbum
413 418 635 498 spondiacum
664 418 719 481 vel
741 417 773 481 in
797 417 984 498 spondeum
1007 419 1131 482 cadens
1154 436 1256 499 quum

151 553 218 600 non
252 535 404 615 patiatur
424 535 566 599 ultimus
588 552 659 616 pes,
693 534 780 599 unde
804 535 909 600 etiam
932 536 1167 615 monosyllaba
1190 536 1260 600 sint

152 654 290 719 exclusa
317 689 347 696 —
377 653 417 717 de
433 671 498 734 quo
520 653 607 718 infra
629 654 726 734 plura
751 688 783 698 -
810 655 953 718 eundem
976 654 1151 718 contendit
1173 655 1261 718 hunc

150 772 309 837 ultimum
331 772 451 853 pedem
474 772 659 852 postulatis
682 772 771 836 haud
794 771 1008 852 repudiandis
1028 789 1165 852 poscere
1177 773 1259 852 J'am·

150 891 261 956 bicam
282 907 402 955 vocem
424 890 478 954 vel
501 890 535 953 in
553 891 706 970 jambam
728 890 916 954 cadentem.
950 891 1047 955 Adde
1069 890 1144 971 huc,
1168 892 1256 972 quod

150 1011 263 1074 totum
298 1010 358 1074 boc
391 1025 497 1088 genus
526 1042 555 1050 —
583 1007 682 1089 idque
704 1007 920 1072 multitudine
944 1025 1010 1072 nen
1033 1009 1259 1089 spernendum

150 1160 189 1170 -
212 1144 333 1195 vocum
360 1126 583 1206 Jambicarum
612 1129 788 1190 accentum
822 1128 861 1189 ut
889 1126 921 1189 in
951 1126 1070 1207 prima,
1097 1125 1202 1190 ictum
1225 1127 1258 1190 in

150 1247 325 1325 postrema
356 1244 456 1308 modo
484 1243 647 1324 recipiens
677 1243 809 1323 syllaba
832 1243 924 1308 nullo
947 1244 1012 1308 alie
1036 1244 1134 1307 modo
1157 1261 1259 1324 quam

150 1362 210 1442 ita,
234 1366 273 1426 ut
297 1361 558 1444 discrepantiam
577 1361 667 1425 ictus
683 1364 910 1441 accentusque
925 1344 1125 1442 paterentur
1139 1364 1259 1441 poeta,

150 1479 322 1545 ordinibus
344 1482 524 1546 verborum
548 1480 579 1542 h.
603 1496 630 1542 e.
653 1479 810 1543 versibus
833 1481 970 1559 poterat
992 1478 1140 1558 impingi.

233 1598 358 1662 Restat
390 1601 438 1673 ut,
472 1614 577 1679 quum
601 1596 693 1660 nulla
722 1596 785 1659 sub
812 1594 1014 1674 condicione,
1039 1594 1102 1658 nisi
1126 1598 1165 1659 ut
1188 1613 1259 1676 pro·

150 1716 289 1779 baretur
307 1716 387 1795 hac,
404 1715 444 1779 de
465 1732 532 1796 qua
554 1713 743 1794 saepissime
765 1712 944 1792 loquimur,
968 1712 1203 1793 discrepantia,
1226 1713 1259 1775 in

150 1849 289 1897 versum
322 1831 448 1896 intrudi
481 1849 584 1914 posse
614 1831 720 1895 verba
745 1829 892 1910 J'ambica
920 1831 1178 1910 comprobatum
1203 1830 1259 1907 sit,

150 1950 212 2013 hoc
244 1967 377 2030 quoque
406 1950 576 2030 ostendat,
607 1949 639 2013 in
663 1948 785 2028 lingua,
812 1965 887 2027 quae
915 1950 1076 2012 accentus
1098 1947 1169 2011 vim
1191 1965 1258 2011 am·

151 2066 331 2147 plectatur,
356 2084 503 2147 quonam
527 2066 627 2130 modo
650 2064 837 2130 tolerabilis
860 2065 907 2128 sit
929 2064 987 2128 illa
1009 2065 1245 2144 discrepantia.

232 2185 264 2249 Α
298 2184 496 2266 compositis
529 2185 632 2264 igitur
655 2182 830 2263 proiectus
852 2168 990 2260 talibus
1007 2173 1052 2246 'ut
1075 2181 1258 2262 pervidet,

151 2300 343 2382 ’perfidam’,
367 2319 509 2383 quorum
533 2301 673 2365 ultimas
697 2317 831 2381 quoque
854 2299 1006 2380 syllabas
1029 2315 1169 2363 necesse
1185 2303 1260 2363 erat

151 2419 235 2498 acui,
272 2437 373 2484 aures
404 2437 443 2484 eo
477 2417 619 2500 syllaba
652 2416 743 2481 brevi
767 2416 935 2497 primariae
958 2422 1099 2481 accentu
1122 2415 1260 2494 carenti,

149 2536 281 2602 ultimae
313 2541 454 2601 accentu
488 2538 617 2600 notatae
646 2551 844 2599 assuescere
866 2534 1023 2616 credidit3
1058 2535 1175 2600 deinde
1198 2540 1260 2602 hoc

151 2671 283 2735 quoque
306 2654 486 2719 transtulit
508 2654 550 2718 ad
567 2652 741 2732 simplicia,
764 2669 839 2732 quae
854 2656 996 2716 accentu
1013 2653 1087 2716 sine
1103 2654 1261 2720 molestia

151 2771 281 2835 aurium
298 2789 411 2836 carere
426 2788 528 2852 posse
544 2788 581 2835 se
596 2771 659 2834 hac
674 2769 805 2833 ratione
820 2770 1096 2849 comprobavisse
1108 2772 1259 2851 putavit;

151 2905 254 2970 quam
281 2891 398 2952 tamen
425 2887 719 2952 ratiocinationem
742 2885 903 2950 mininam
928 2904 998 2966 prae
1020 2905 1057 2952 se
1079 2887 1165 2952 ferre
1189 2906 1259 2969 pro·

150 3006 374 3086 habilitatem,
398 3004 566 3070 neminem
589 3004 705 3068 fallere
727 3006 854 3084 potest.

120 3140 129 3150 ·
234 3123 374 3202 Ultimo,
405 3127 575 3202 utsupra
604 3122 682 3199 dixi,
712 3139 731 3185 a
759 3120 843 3201 pede
866 3119 1149 3200 quemadmodum
1173 3123 1260 3186 hanc

150 3240 322 3304 licentiam
357 3243 588 3320 oxytoneseos
621 3239 663 3303 ad
696 3243 838 3314 ceteros,
871 3237 920 3301 ita
943 3255 1076 3318 quoque
1104 3240 1260 3303 averbis
1331 3329 1333 3332 Ι

148 3357 304 3436 ‚iambicis
332 3356 374 3420 ad
402 3358 545 3421 aliarum
568 3374 690 3421 vocum
713 3357 919 3420 varietatem
941 3355 1096 3419 traduxit
1118 3359 1154 3420 et
1176 3358 1259 3420 fines

152 3473 427 3554 circumscripsit,
476 3473 565 3538 intra
600 3490 685 3554 quos
718 3490 794 3537 eam
828 3473 903 3536 vult
936 3472 1038 3536 libere
1073 3473 1259 3553 pervagari.

150 3591 198 3656 De
221 3608 286 3672 quo
309 3590 388 3656 olim
411 3591 560 3656 sortasse
583 3591 792 3670 accuratius;
824 3589 894 3669 jam
919 3590 997 3653 mibi
1022 3591 1108 3654 satis
1131 3590 1195 3655 erit
1218 3588 1260 3651 ad

152 3725 324 3773 summam
348 3708 447 3773 modo
471 3708 669 3789 quaestionis
692 3708 766 3788 eJ'us
789 3710 952 3788 spectare.

233 3825 394 3889 Proximo
428 3826 531 3906 igitur
562 3829 643 3889 ante
671 3829 807 3889 sextum
837 3824 955 3905 pedem
986 3826 1068 3895 loco,
1092 3843 1133 3889 ne
1156 3826 1184 3889 is
1208 3844 1260 3907 pe-

150 3945 247 4005 nuria
269 3946 488 4023 premeretur,
511 3961 613 4007 voces
628 3943 791 4024 jambicae,
813 3943 1013 4022 spondiacae,
1033 3944 1259 4023 anapaesticae,

151 4062 272 4124 ceterae
296 4060 513 4142 oxytonesim
536 4060 717 4125 admisisse
738 4060 898 4125 videntur
925 4060 1125 4141 Ritscheli0;
1160 4064 1195 4125 et
1218 4061 1259 4124 ad
