<?xml version="1.0" encoding="UTF-8"?>
<!DOCTYPE html PUBLIC "-//W3C//DTD XHTML 1.0 Transitional//EN"
    "http://www.w3.org/TR/xhtml1/DTD/xhtml1-transitional.dtd">
<html xmlns="http://www.w3.org/1999/xhtml" xml:lang="en" lang="en">
 <head>
  <title>
</title>
<meta http-equiv="Content-Type" content="text/html;charset=utf-8" />
  <meta name='ocr-system' content='tesseract 3.04.00' />
  <meta name='ocr-capabilities' content='ocr_page ocr_carea ocr_par ocr_line ocrx_word'/>
</head>
<body>
  <div class='ocr_page' id='page_1' title='image "./consensusquipot00johagoog_0019.png"; bbox 0 0 2834 4596; ppageno 0'>
   <div class='ocr_carea' id='block_1_1' title="bbox 231 237 270 300">
    <p class='ocr_par' dir='ltr' id='par_1_1' title="bbox 231 237 270 300">
     <span class='ocr_line' id='line_1_1' title="bbox 231 237 270 300; baseline 0 0"><span class='ocrx_word' id='word_1_1' title='bbox 231 237 270 300; x_wconf 81' lang='lat' dir='ltr'>lu</span> 
     </span>
    </p>
   </div>
   <div class='ocr_carea' id='block_1_2' title="bbox 186 403 1298 4133">
    <p class='ocr_par' dir='ltr' id='par_1_2' title="bbox 187 403 1296 2350">
     <span class='ocr_line' id='line_1_2' title="bbox 271 403 1295 486; baseline -0.004 -16"><span class='ocrx_word' id='word_1_2' title='bbox 271 407 319 470; x_wconf 92' lang='lat' dir='ltr'>De</span> <span class='ocrx_word' id='word_1_3' title='bbox 341 423 473 486; x_wconf 89' lang='lat' dir='ltr'>quaque</span> <span class='ocrx_word' id='word_1_4' title='bbox 501 422 536 469; x_wconf 89' lang='lat' dir='ltr'>re</span> <span class='ocrx_word' id='word_1_5' title='bbox 566 405 643 484; x_wconf 92' lang='lat' dir='ltr'>quid</span> <span class='ocrx_word' id='word_1_6' title='bbox 667 405 863 468; x_wconf 85' lang='lat' dir='ltr'>disseruerit</span> <span class='ocrx_word' id='word_1_7' title='bbox 887 405 1101 481; x_wconf 84' lang='lat' dir='ltr'>llitsclielius,</span> <span class='ocrx_word' id='word_1_8' title='bbox 1126 403 1155 465; x_wconf 90' lang='lat' dir='ltr'>si</span> <span class='ocrx_word' id='word_1_9' title='bbox 1179 404 1295 483; x_wconf 78' lang='lat' dir='ltr'>paucis</span> 
     </span>
     <span class='ocr_line' id='line_1_3' title="bbox 188 522 1294 604; baseline 0.001 -17"><span class='ocrx_word' id='word_1_10' title='bbox 188 524 512 603; x_wconf 74' lang='lat' dir='ltr'>comprehendimus</span> <span class='ocrx_word' id='word_1_11' title='bbox 546 522 686 586; x_wconf 89' lang='lat' dir='ltr'>ultimas</span> <span class='ocrx_word' id='word_1_12' title='bbox 720 525 857 586; x_wconf 87' lang='lat' dir='ltr'>tantum</span> <span class='ocrx_word' id='word_1_13' title='bbox 887 523 1038 602; x_wconf 79' lang='lat' dir='ltr'>syllabas</span> <span class='ocrx_word' id='word_1_14' title='bbox 1061 523 1214 603; x_wconf 73' lang='lat' dir='ltr'>respexit</span> <span class='ocrx_word' id='word_1_15' title='bbox 1235 525 1294 604; x_wconf 91' lang='lat' dir='ltr'>ita,</span> 
     </span>
     <span class='ocr_line' id='line_1_4' title="bbox 187 640 1295 726; baseline 0.003 -22"><span class='ocrx_word' id='word_1_16' title='bbox 187 646 237 719; x_wconf 91' lang='lat' dir='ltr'>ut,</span> <span class='ocrx_word' id='word_1_17' title='bbox 266 642 399 722; x_wconf 89' lang='lat' dir='ltr'>quando</span> <span class='ocrx_word' id='word_1_18' title='bbox 429 644 572 722; x_wconf 88' lang='lat' dir='ltr'>possent</span> <span class='ocrx_word' id='word_1_19' title='bbox 603 640 685 716; x_wconf 89' lang='lat' dir='ltr'>acui,</span> <span class='ocrx_word' id='word_1_20' title='bbox 712 642 845 721; x_wconf 89' lang='lat' dir='ltr'>quando</span> <span class='ocrx_word' id='word_1_21' title='bbox 869 660 944 721; x_wconf 90' lang='lat' dir='ltr'>nou,</span> <span class='ocrx_word' id='word_1_22' title='bbox 969 644 1184 726; x_wconf 69' lang='lat' dir='ltr'>disquisierit.</span> <span class='ocrx_word' id='word_1_23' title='bbox 1229 643 1295 708; x_wconf 82' lang='lat' dir='ltr'>Sed</span> 
     </span>
     <span class='ocr_line' id='line_1_5' title="bbox 188 758 1294 854; baseline 0.002 -31"><span class='ocrx_word' id='word_1_24' title='bbox 188 759 236 823; x_wconf 87' lang='lat' dir='ltr'>sic</span> <span class='ocrx_word' id='word_1_25' title='bbox 259 759 320 822; x_wconf 90' lang='lat' dir='ltr'>hoc</span> <span class='ocrx_word' id='word_1_26' title='bbox 343 761 478 823; x_wconf 86' lang='lat' dir='ltr'>tantum</span> <span class='ocrx_word' id='word_1_27' title='bbox 502 758 672 836; x_wconf 80' lang='lat' dir='ltr'>disseruit,</span> <span class='ocrx_word' id='word_1_28' title='bbox 695 762 860 839; x_wconf 87' lang='lat' dir='ltr'>quantum</span> <span class='ocrx_word' id='word_1_29' title='bbox 877 766 995 826; x_wconf 91' lang='lat' dir='ltr'>contra</span> <span class='ocrx_word' id='word_1_30' title='bbox 1011 763 1118 844; x_wconf 91' lang='lat' dir='ltr'>legem</span> <span class='ocrx_word' id='word_1_31' title='bbox 1134 766 1294 854; x_wconf 87' lang='lat' dir='ltr'>accentus</span> 
     </span>
     <span class='ocr_line' id='line_1_6' title="bbox 188 876 1294 960; baseline 0 -17"><span class='ocrx_word' id='word_1_32' title='bbox 188 880 298 958; x_wconf 83' lang='lat' dir='ltr'>poetae</span> <span class='ocrx_word' id='word_1_33' title='bbox 327 876 389 940; x_wconf 87' lang='lat' dir='ltr'>sibi</span> <span class='ocrx_word' id='word_1_34' title='bbox 419 876 669 956; x_wconf 81' lang='lat' dir='ltr'>assumpserint</span> <span class='ocrx_word' id='word_1_35' title='bbox 695 877 847 955; x_wconf 85' lang='lat' dir='ltr'>licentiae,</span> <span class='ocrx_word' id='word_1_36' title='bbox 871 895 937 943; x_wconf 91' lang='lat' dir='ltr'>non</span> <span class='ocrx_word' id='word_1_37' title='bbox 959 881 1037 960; x_wconf 89' lang='lat' dir='ltr'>quid</span> <span class='ocrx_word' id='word_1_38' title='bbox 1061 898 1196 945; x_wconf 88' lang='lat' dir='ltr'>summa</span> <span class='ocrx_word' id='word_1_39' title='bbox 1218 897 1294 944; x_wconf 85' lang='lat' dir='ltr'>cunr</span> 
     </span>
     <span class='ocr_line' id='line_1_7' title="bbox 188 995 1295 1076; baseline 0.002 -16"><span class='ocrx_word' id='word_1_40' title='bbox 188 996 360 1076; x_wconf 86' lang='lat' dir='ltr'>diligentia</span> <span class='ocrx_word' id='word_1_41' title='bbox 383 996 606 1058; x_wconf 85' lang='lat' dir='ltr'>observantes</span> <span class='ocrx_word' id='word_1_42' title='bbox 629 995 691 1058; x_wconf 87' lang='lat' dir='ltr'>hnc</span> <span class='ocrx_word' id='word_1_43' title='bbox 713 997 863 1060; x_wconf 79' lang='lat' dir='ltr'>assecuti</span> <span class='ocrx_word' id='word_1_44' title='bbox 885 997 965 1076; x_wconf 90' lang='lat' dir='ltr'>sint,</span> <span class='ocrx_word' id='word_1_45' title='bbox 985 1002 1024 1061; x_wconf 94' lang='lat' dir='ltr'>ut</span> <span class='ocrx_word' id='word_1_46' title='bbox 1043 1002 1202 1062; x_wconf 87' lang='lat' dir='ltr'>accentus</span> <span class='ocrx_word' id='word_1_47' title='bbox 1218 1015 1295 1062; x_wconf 88' lang='lat' dir='ltr'>curn</span> 
     </span>
     <span class='ocr_line' id='line_1_8' title="bbox 187 1111 1294 1197; baseline 0.003 -20"><span class='ocrx_word' id='word_1_48' title='bbox 187 1113 257 1177; x_wconf 89' lang='lat' dir='ltr'>ictu</span> <span class='ocrx_word' id='word_1_49' title='bbox 290 1131 332 1176; x_wconf 94' lang='lat' dir='ltr'>ne</span> <span class='ocrx_word' id='word_1_50' title='bbox 364 1112 569 1175; x_wconf 88' lang='lat' dir='ltr'>dissentiret.</span> <span class='ocrx_word' id='word_1_51' title='bbox 622 1111 708 1174; x_wconf 92' lang='lat' dir='ltr'>Nam</span> <span class='ocrx_word' id='word_1_52' title='bbox 733 1130 840 1193; x_wconf 92' lang='lat' dir='ltr'>neque</span> <span class='ocrx_word' id='word_1_53' title='bbox 862 1131 999 1177; x_wconf 78' lang='lat' dir='ltr'>casurae</span> <span class='ocrx_word' id='word_1_54' title='bbox 1022 1116 1091 1179; x_wconf 88' lang='lat' dir='ltr'>vim</span> <span class='ocrx_word' id='word_1_55' title='bbox 1114 1121 1217 1197; x_wconf 91' lang='lat' dir='ltr'>atque</span> <span class='ocrx_word' id='word_1_56' title='bbox 1240 1133 1294 1179; x_wconf 91' lang='lat' dir='ltr'>na·</span> 
     </span>
     <span class='ocr_line' id='line_1_9' title="bbox 187 1230 1294 1311; baseline 0.002 -17"><span class='ocrx_word' id='word_1_57' title='bbox 187 1233 311 1309; x_wconf 78' lang='lat' dir='ltr'>turam,</span> <span class='ocrx_word' id='word_1_58' title='bbox 343 1232 542 1294; x_wconf 85' lang='lat' dir='ltr'>concentum</span> <span class='ocrx_word' id='word_1_59' title='bbox 576 1247 659 1293; x_wconf 89' lang='lat' dir='ltr'>sane</span> <span class='ocrx_word' id='word_1_60' title='bbox 685 1230 788 1306; x_wconf 86' lang='lat' dir='ltr'>illum,</span> <span class='ocrx_word' id='word_1_61' title='bbox 823 1231 862 1293; x_wconf 91' lang='lat' dir='ltr'>de</span> <span class='ocrx_word' id='word_1_62' title='bbox 885 1249 950 1311; x_wconf 90' lang='lat' dir='ltr'>quo</span> <span class='ocrx_word' id='word_1_63' title='bbox 970 1233 1038 1311; x_wconf 85' lang='lat' dir='ltr'>jam</span> <span class='ocrx_word' id='word_1_64' title='bbox 1063 1233 1119 1296; x_wconf 93' lang='lat' dir='ltr'>diu</span> <span class='ocrx_word' id='word_1_65' title='bbox 1142 1233 1294 1311; x_wconf 85' lang='lat' dir='ltr'>dicimus,</span> 
     </span>
     <span class='ocr_line' id='line_1_10' title="bbox 187 1347 1294 1430; baseline 0.001 -17"><span class='ocrx_word' id='word_1_66' title='bbox 187 1348 398 1427; x_wconf 83' lang='lat' dir='ltr'>efficientem,</span> <span class='ocrx_word' id='word_1_67' title='bbox 421 1349 486 1412; x_wconf 87' lang='lat' dir='ltr'>nisi</span> <span class='ocrx_word' id='word_1_68' title='bbox 508 1347 629 1412; x_wconf 88' lang='lat' dir='ltr'>leviter</span> <span class='ocrx_word' id='word_1_69' title='bbox 651 1347 776 1426; x_wconf 89' lang='lat' dir='ltr'>attigit,</span> <span class='ocrx_word' id='word_1_70' title='bbox 800 1365 908 1428; x_wconf 90' lang='lat' dir='ltr'>neque</span> <span class='ocrx_word' id='word_1_71' title='bbox 924 1349 1090 1413; x_wconf 91' lang='lat' dir='ltr'>rationem</span> <span class='ocrx_word' id='word_1_72' title='bbox 1107 1351 1200 1430; x_wconf 76' lang='lat' dir='ltr'>legiS,</span> <span class='ocrx_word' id='word_1_73' title='bbox 1218 1369 1294 1430; x_wconf 67' lang='lat' dir='ltr'>quae</span> 
     </span>
     <span class='ocr_line' id='line_1_11' title="bbox 189 1465 1294 1548; baseline 0.003 -21"><span class='ocrx_word' id='word_1_74' title='bbox 189 1468 331 1528; x_wconf 86' lang='lat' dir='ltr'>vocatur</span> <span class='ocrx_word' id='word_1_75' title='bbox 353 1465 506 1546; x_wconf 87' lang='lat' dir='ltr'>dipodiae,</span> <span class='ocrx_word' id='word_1_76' title='bbox 530 1466 617 1529; x_wconf 87' lang='lat' dir='ltr'>satis</span> <span class='ocrx_word' id='word_1_77' title='bbox 640 1465 738 1545; x_wconf 90' lang='lat' dir='ltr'>plane</span> <span class='ocrx_word' id='word_1_78' title='bbox 764 1465 960 1545; x_wconf 81' lang='lat' dir='ltr'>illustrauit,</span> <span class='ocrx_word' id='word_1_79' title='bbox 983 1467 1032 1530; x_wconf 93' lang='lat' dir='ltr'>ita</span> <span class='ocrx_word' id='word_1_80' title='bbox 1047 1472 1086 1530; x_wconf 87' lang='lat' dir='ltr'>ut</span> <span class='ocrx_word' id='word_1_81' title='bbox 1101 1484 1121 1530; x_wconf 90' lang='lat' dir='ltr'>a</span> <span class='ocrx_word' id='word_1_82' title='bbox 1136 1471 1294 1548; x_wconf 88' lang='lat' dir='ltr'>respectu</span> 
     </span>
     <span class='ocr_line' id='line_1_12' title="bbox 187 1582 1294 1664; baseline 0.001 -18"><span class='ocrx_word' id='word_1_83' title='bbox 187 1587 348 1647; x_wconf 86' lang='lat' dir='ltr'>accentus</span> <span class='ocrx_word' id='word_1_84' title='bbox 381 1588 484 1664; x_wconf 91' lang='lat' dir='ltr'>atque</span> <span class='ocrx_word' id='word_1_85' title='bbox 517 1600 597 1648; x_wconf 89' lang='lat' dir='ltr'>cura</span> <span class='ocrx_word' id='word_1_86' title='bbox 631 1582 783 1663; x_wconf 84' lang='lat' dir='ltr'>prolecta</span> <span class='ocrx_word' id='word_1_87' title='bbox 816 1600 892 1647; x_wconf 86' lang='lat' dir='ltr'>esse</span> <span class='ocrx_word' id='word_1_88' title='bbox 925 1583 1144 1664; x_wconf 86' lang='lat' dir='ltr'>intelligatur.</span> <span class='ocrx_word' id='word_1_89' title='bbox 1200 1584 1294 1664; x_wconf 76' lang='lat' dir='ltr'>Quod</span> 
     </span>
     <span class='ocr_line' id='line_1_13' title="bbox 187 1700 1294 1781; baseline 0.002 -17"><span class='ocrx_word' id='word_1_90' title='bbox 187 1717 267 1764; x_wconf 89' lang='lat' dir='ltr'>vero</span> <span class='ocrx_word' id='word_1_91' title='bbox 301 1700 634 1779; x_wconf 86' lang='lat' dir='ltr'>gloriatur-Meierus</span> <span class='ocrx_word' id='word_1_92' title='bbox 668 1703 753 1780; x_wconf 88' lang='lat' dir='ltr'>(pag.</span> <span class='ocrx_word' id='word_1_93' title='bbox 777 1701 817 1762; x_wconf 99' lang='grc'>44</span> <span class='ocrx_word' id='word_1_94' title='bbox 840 1702 922 1773; x_wconf 82' lang='lat' dir='ltr'>not.)</span> <span class='ocrx_word' id='word_1_95' title='bbox 946 1718 983 1764; x_wconf 90' lang='lat' dir='ltr'>se</span> <span class='ocrx_word' id='word_1_96' title='bbox 1005 1700 1113 1781; x_wconf 89' lang='lat' dir='ltr'>legem</span> <span class='ocrx_word' id='word_1_97' title='bbox 1136 1701 1226 1765; x_wconf 88' lang='lat' dir='ltr'>illam</span> <span class='ocrx_word' id='word_1_98' title='bbox 1251 1702 1294 1766; x_wconf 87' lang='lat' dir='ltr'>di·</span> 
     </span>
     <span class='ocr_line' id='line_1_14' title="bbox 187 1817 1294 1898; baseline 0.003 -18"><span class='ocrx_word' id='word_1_99' title='bbox 187 1817 305 1896; x_wconf 78' lang='lat' dir='ltr'>podiae,</span> <span class='ocrx_word' id='word_1_100' title='bbox 340 1836 414 1898; x_wconf 73' lang='lat' dir='ltr'>quae</span> <span class='ocrx_word' id='word_1_101' title='bbox 447 1818 580 1898; x_wconf 90' lang='lat' dir='ltr'>quidem</span> <span class='ocrx_word' id='word_1_102' title='bbox 609 1835 675 1881; x_wconf 93' lang='lat' dir='ltr'>non</span> <span class='ocrx_word' id='word_1_103' title='bbox 701 1817 810 1896; x_wconf 85' lang='lat' dir='ltr'>magis</span> <span class='ocrx_word' id='word_1_104' title='bbox 836 1818 878 1880; x_wconf 89' lang='lat' dir='ltr'>ad</span> <span class='ocrx_word' id='word_1_105' title='bbox 902 1818 1103 1897; x_wconf 79' lang='lat' dir='ltr'>spondiacus</span> <span class='ocrx_word' id='word_1_106' title='bbox 1126 1837 1228 1898; x_wconf 87' lang='lat' dir='ltr'>quam</span> <span class='ocrx_word' id='word_1_107' title='bbox 1251 1821 1294 1883; x_wconf 88' lang='lat' dir='ltr'>ad</span> 
     </span>
     <span class='ocr_line' id='line_1_15' title="bbox 187 1933 1294 2015; baseline 0.004 -19"><span class='ocrx_word' id='word_1_108' title='bbox 187 1935 415 2014; x_wconf 89' lang='lat' dir='ltr'>anapaesticas</span> <span class='ocrx_word' id='word_1_109' title='bbox 438 1951 539 1998; x_wconf 83' lang='lat' dir='ltr'>voces</span> <span class='ocrx_word' id='word_1_110' title='bbox 563 1933 756 2014; x_wconf 85' lang='lat' dir='ltr'>pertineret,</span> <span class='ocrx_word' id='word_1_111' title='bbox 776 1936 922 2015; x_wconf 90' lang='lat' dir='ltr'>primum</span> <span class='ocrx_word' id='word_1_112' title='bbox 938 1935 1128 2014; x_wconf 84' lang='lat' dir='ltr'>indagasse,</span> <span class='ocrx_word' id='word_1_113' title='bbox 1143 1937 1294 2001; x_wconf 85' lang='lat' dir='ltr'>Ritsche·</span> 
     </span>
     <span class='ocr_line' id='line_1_16' title="bbox 188 2051 1295 2133; baseline 0.004 -19"><span class='ocrx_word' id='word_1_114' title='bbox 188 2051 252 2114; x_wconf 88' lang='lat' dir='ltr'>lius</span> <span class='ocrx_word' id='word_1_115' title='bbox 279 2053 360 2133; x_wconf 87' lang='lat' dir='ltr'>jam,</span> <span class='ocrx_word' id='word_1_116' title='bbox 393 2054 433 2115; x_wconf 93' lang='lat' dir='ltr'>ut</span> <span class='ocrx_word' id='word_1_117' title='bbox 466 2069 569 2133; x_wconf 88' lang='lat' dir='ltr'>supra</span> <span class='ocrx_word' id='word_1_118' title='bbox 603 2051 681 2130; x_wconf 83' lang='lat' dir='ltr'>dixi,</span> <span class='ocrx_word' id='word_1_119' title='bbox 722 2070 825 2133; x_wconf 90' lang='lat' dir='ltr'>quum</span> <span class='ocrx_word' id='word_1_120' title='bbox 860 2054 1045 2133; x_wconf 90' lang='lat' dir='ltr'>spondeum</span> <span class='ocrx_word' id='word_1_121' title='bbox 1083 2057 1157 2118; x_wconf 92' lang='lat' dir='ltr'>tum</span> <span class='ocrx_word' id='word_1_122' title='bbox 1190 2055 1295 2118; x_wconf 90' lang='lat' dir='ltr'>etiam</span> 
     </span>
     <span class='ocr_line' id='line_1_17' title="bbox 187 2169 1296 2252; baseline 0.003 -20"><span class='ocrx_word' id='word_1_123' title='bbox 187 2172 402 2248; x_wconf 71' lang='lat' dir='ltr'>anapaestum</span> <span class='ocrx_word' id='word_1_124' title='bbox 425 2172 460 2233; x_wconf 92' lang='lat' dir='ltr'>et</span> <span class='ocrx_word' id='word_1_125' title='bbox 482 2169 516 2232; x_wconf 92' lang='lat' dir='ltr'>in</span> <span class='ocrx_word' id='word_1_126' title='bbox 538 2169 684 2233; x_wconf 87' lang='lat' dir='ltr'>secundo</span> <span class='ocrx_word' id='word_1_127' title='bbox 707 2170 798 2233; x_wconf 93' lang='lat' dir='ltr'>etin</span> <span class='ocrx_word' id='word_1_128' title='bbox 821 2175 943 2250; x_wconf 86' lang='lat' dir='ltr'>quarto</span> <span class='ocrx_word' id='word_1_129' title='bbox 966 2172 1050 2252; x_wconf 91' lang='lat' dir='ltr'>pede</span> <span class='ocrx_word' id='word_1_130' title='bbox 1073 2171 1200 2235; x_wconf 89' lang='lat' dir='ltr'>rariora</span> <span class='ocrx_word' id='word_1_131' title='bbox 1218 2189 1296 2235; x_wconf 85' lang='lat' dir='ltr'>esse</span> 
     </span>
     <span class='ocr_line' id='line_1_18' title="bbox 187 2286 347 2350; baseline -0.006 0"><span class='ocrx_word' id='word_1_132' title='bbox 187 2286 347 2350; x_wconf 91' lang='lat' dir='ltr'>ostendit.</span> 
     </span>
    </p>

    <p class='ocr_par' dir='ltr' id='par_1_3' title="bbox 186 2404 1295 3071">
     <span class='ocr_line' id='line_1_19' title="bbox 270 2404 1295 2471; baseline 0.003 -3"><span class='ocrx_word' id='word_1_133' title='bbox 270 2405 348 2468; x_wconf 81' lang='lat' dir='ltr'>lam</span> <span class='ocrx_word' id='word_1_134' title='bbox 381 2415 461 2468; x_wconf 85' lang='lat' dir='ltr'>vero</span> <span class='ocrx_word' id='word_1_135' title='bbox 495 2404 556 2466; x_wconf 91' lang='lat' dir='ltr'>boc</span> <span class='ocrx_word' id='word_1_136' title='bbox 589 2404 693 2468; x_wconf 89' lang='lat' dir='ltr'>etiam</span> <span class='ocrx_word' id='word_1_137' title='bbox 727 2405 807 2468; x_wconf 92' lang='lat' dir='ltr'>mihi</span> <span class='ocrx_word' id='word_1_138' title='bbox 830 2406 1065 2470; x_wconf 85' lang='lat' dir='ltr'>videturesse</span> <span class='ocrx_word' id='word_1_139' title='bbox 1088 2408 1295 2471; x_wconf 86' lang='lat' dir='ltr'>animadver-</span> 
     </span>
     <span class='ocr_line' id='line_1_20' title="bbox 187 2521 1295 2603; baseline 0.004 -19"><span class='ocrx_word' id='word_1_140' title='bbox 187 2521 328 2584; x_wconf 90' lang='lat' dir='ltr'>tendum</span> <span class='ocrx_word' id='word_1_141' title='bbox 364 2521 588 2586; x_wconf 84' lang='lat' dir='ltr'>Ritschelium</span> <span class='ocrx_word' id='word_1_142' title='bbox 626 2540 767 2603; x_wconf 90' lang='lat' dir='ltr'>quoque,</span> <span class='ocrx_word' id='word_1_143' title='bbox 808 2522 896 2586; x_wconf 89' lang='lat' dir='ltr'>sicut</span> <span class='ocrx_word' id='word_1_144' title='bbox 932 2523 1133 2602; x_wconf 90' lang='lat' dir='ltr'>Bentleium,</span> <span class='ocrx_word' id='word_1_145' title='bbox 1176 2528 1216 2587; x_wconf 93' lang='lat' dir='ltr'>ut</span> <span class='ocrx_word' id='word_1_146' title='bbox 1252 2543 1295 2588; x_wconf 86' lang='lat' dir='ltr'>ex</span> 
     </span>
     <span class='ocr_line' id='line_1_21' title="bbox 187 2639 1295 2720; baseline 0.004 -19"><span class='ocrx_word' id='word_1_147' title='bbox 187 2650 307 2702; x_wconf 84' lang='lat' dir='ltr'>acervo</span> <span class='ocrx_word' id='word_1_148' title='bbox 331 2639 527 2720; x_wconf 89' lang='lat' dir='ltr'>depromam</span> <span class='ocrx_word' id='word_1_149' title='bbox 549 2640 753 2719; x_wconf 83' lang='lat' dir='ltr'>exemplum,</span> <span class='ocrx_word' id='word_1_150' title='bbox 787 2658 904 2703; x_wconf 83' lang='lat' dir='ltr'>vocem</span> <span class='ocrx_word' id='word_1_151' title='bbox 928 2640 1171 2719; x_wconf 83' lang='lat' dir='ltr'>anapaesticam</span> <span class='ocrx_word' id='word_1_152' title='bbox 1193 2642 1228 2704; x_wconf 94' lang='lat' dir='ltr'>in</span> <span class='ocrx_word' id='word_1_153' title='bbox 1250 2642 1295 2705; x_wconf 93' lang='lat' dir='ltr'>ul·</span> 
     </span>
     <span class='ocr_line' id='line_1_22' title="bbox 187 2755 1295 2838; baseline 0.003 -21"><span class='ocrx_word' id='word_1_154' title='bbox 187 2755 272 2819; x_wconf 90' lang='lat' dir='ltr'>tima</span> <span class='ocrx_word' id='word_1_155' title='bbox 294 2757 428 2837; x_wconf 87' lang='lat' dir='ltr'>syllaba</span> <span class='ocrx_word' id='word_1_156' title='bbox 450 2758 520 2821; x_wconf 88' lang='lat' dir='ltr'>ictu</span> <span class='ocrx_word' id='word_1_157' title='bbox 542 2762 700 2821; x_wconf 87' lang='lat' dir='ltr'>notatam</span> <span class='ocrx_word' id='word_1_158' title='bbox 723 2775 859 2822; x_wconf 88' lang='lat' dir='ltr'>censere</span> <span class='ocrx_word' id='word_1_159' title='bbox 882 2776 920 2821; x_wconf 93' lang='lat' dir='ltr'>eo</span> <span class='ocrx_word' id='word_1_160' title='bbox 944 2775 1044 2821; x_wconf 88' lang='lat' dir='ltr'>suum</span> <span class='ocrx_word' id='word_1_161' title='bbox 1063 2775 1202 2838; x_wconf 87' lang='lat' dir='ltr'>prorsus</span> <span class='ocrx_word' id='word_1_162' title='bbox 1225 2776 1295 2838; x_wconf 89' lang='lat' dir='ltr'>per·</span> 
     </span>
     <span class='ocr_line' id='line_1_23' title="bbox 188 2871 1295 2954; baseline 0.004 -19"><span class='ocrx_word' id='word_1_163' title='bbox 188 2871 265 2936; x_wconf 90' lang='lat' dir='ltr'>dere</span> <span class='ocrx_word' id='word_1_164' title='bbox 298 2878 474 2939; x_wconf 84' lang='lat' dir='ltr'>accentum</span> <span class='ocrx_word' id='word_1_165' title='bbox 510 2875 799 2954; x_wconf 76' lang='lat' dir='ltr'>antepaenultimm</span> <span class='ocrx_word' id='word_1_166' title='bbox 832 2879 867 2938; x_wconf 89' lang='lat' dir='ltr'>et</span> <span class='ocrx_word' id='word_1_167' title='bbox 900 2878 1077 2938; x_wconf 84' lang='lat' dir='ltr'>accentum</span> <span class='ocrx_word' id='word_1_168' title='bbox 1100 2876 1187 2939; x_wconf 91' lang='lat' dir='ltr'>idem</span> <span class='ocrx_word' id='word_1_169' title='bbox 1211 2876 1295 2939; x_wconf 87' lang='lat' dir='ltr'>adeo</span> 
     </span>
     <span class='ocr_line' id='line_1_24' title="bbox 186 2990 911 3071; baseline 0 -18"><span class='ocrx_word' id='word_1_170' title='bbox 186 2990 301 3054; x_wconf 83' lang='lat' dir='ltr'>valere</span> <span class='ocrx_word' id='word_1_171' title='bbox 323 2994 427 3071; x_wconf 86' lang='lat' dir='ltr'>atqua</span> <span class='ocrx_word' id='word_1_172' title='bbox 449 2991 563 3055; x_wconf 90' lang='lat' dir='ltr'>ictum.</span> <span class='ocrx_word' id='word_1_173' title='bbox 892 2991 911 3019; x_wconf 65' lang='lat'>⁸</span> 
     </span>
    </p>

    <p class='ocr_par' dir='ltr' id='par_1_4' title="bbox 187 3108 1295 3543">
     <span class='ocr_line' id='line_1_25' title="bbox 270 3108 1295 3207; baseline -0.001 -35"><span class='ocrx_word' id='word_1_174' title='bbox 270 3108 384 3172; x_wconf 86' lang='lat' dir='ltr'>Vnum</span> <span class='ocrx_word' id='word_1_175' title='bbox 417 3110 480 3173; x_wconf 90' lang='lat' dir='ltr'>hoc</span> <span class='ocrx_word' id='word_1_176' title='bbox 510 3109 581 3189; x_wconf 81' lang='lat' dir='ltr'>J&#39;am</span> <span class='ocrx_word' id='word_1_177' title='bbox 614 3110 834 3207; x_wconf 65' lang='lat' dir='ltr'>veliterum,</span> <span class='ocrx_word' id='word_1_178' title='bbox 858 3113 1041 3189; x_wconf 87' lang='lat' dir='ltr'>antequam</span> <span class='ocrx_word' id='word_1_179' title='bbox 1065 3108 1295 3188; x_wconf 88' lang='lat' dir='ltr'>relinquamus</span> 
     </span>
     <span class='ocr_line' id='line_1_26' title="bbox 187 3226 1295 3306; baseline -0.001 -17"><span class='ocrx_word' id='word_1_180' title='bbox 187 3226 420 3305; x_wconf 84' lang='lat' dir='ltr'>Ritschelium,</span> <span class='ocrx_word' id='word_1_181' title='bbox 455 3244 653 3290; x_wconf 90' lang='lat' dir='ltr'>moneamus</span> <span class='ocrx_word' id='word_1_182' title='bbox 688 3228 831 3305; x_wconf 92' lang='lat' dir='ltr'>perbene</span> <span class='ocrx_word' id='word_1_183' title='bbox 860 3244 946 3305; x_wconf 88' lang='lat' dir='ltr'>eum,</span> <span class='ocrx_word' id='word_1_184' title='bbox 981 3232 1019 3290; x_wconf 94' lang='lat' dir='ltr'>ut</span> <span class='ocrx_word' id='word_1_185' title='bbox 1043 3243 1145 3306; x_wconf 87' lang='lat' dir='ltr'>supra</span> <span class='ocrx_word' id='word_1_186' title='bbox 1169 3226 1295 3288; x_wconf 90' lang='lat' dir='ltr'>dictum</span> 
     </span>
     <span class='ocr_line' id='line_1_27' title="bbox 187 3342 1295 3422; baseline -0.001 -15"><span class='ocrx_word' id='word_1_187' title='bbox 187 3348 251 3422; x_wconf 88' lang='lat' dir='ltr'>est,</span> <span class='ocrx_word' id='word_1_188' title='bbox 264 3344 549 3407; x_wconf 89' lang='lat' dir='ltr'>animadvertisse</span> <span class='ocrx_word' id='word_1_189' title='bbox 562 3360 662 3407; x_wconf 87' lang='lat' dir='ltr'>voces</span> <span class='ocrx_word' id='word_1_190' title='bbox 676 3343 862 3422; x_wconf 88' lang='lat' dir='ltr'>dactylicas</span> <span class='ocrx_word' id='word_1_191' title='bbox 872 3344 1060 3420; x_wconf 88' lang='lat' dir='ltr'>rarissime,</span> <span class='ocrx_word' id='word_1_192' title='bbox 1077 3342 1295 3406; x_wconf 88' lang='lat' dir='ltr'>tribrachicas</span> 
     </span>
     <span class='ocr_line' id='line_1_28' title="bbox 188 3461 1187 3543; baseline -0.006 -17"><span class='ocrx_word' id='word_1_193' title='bbox 188 3479 373 3543; x_wconf 90' lang='lat' dir='ltr'>numquam</span> <span class='ocrx_word' id='word_1_194' title='bbox 397 3462 631 3542; x_wconf 78' lang='lat' dir='ltr'>panultimam</span> <span class='ocrx_word' id='word_1_195' title='bbox 653 3477 752 3524; x_wconf 88' lang='lat' dir='ltr'>suam</span> <span class='ocrx_word' id='word_1_196' title='bbox 776 3461 944 3542; x_wconf 89' lang='lat' dir='ltr'>syllabam</span> <span class='ocrx_word' id='word_1_197' title='bbox 966 3461 1037 3523; x_wconf 87' lang='lat' dir='ltr'>ictu</span> <span class='ocrx_word' id='word_1_198' title='bbox 1059 3464 1187 3524; x_wconf 89' lang='lat' dir='ltr'>notare.</span> 
     </span>
    </p>

    <p class='ocr_par' dir='ltr' id='par_1_5' title="bbox 270 3578 972 3659">
     <span class='ocr_line' id='line_1_29' title="bbox 270 3578 972 3659; baseline -0.003 -16"><span class='ocrx_word' id='word_1_199' title='bbox 270 3579 324 3643; x_wconf 81' lang='lat' dir='ltr'>Ad</span> <span class='ocrx_word' id='word_1_200' title='bbox 347 3578 563 3643; x_wconf 82' lang='lat' dir='ltr'>Corsseliium</span> <span class='ocrx_word' id='word_1_201' title='bbox 580 3580 650 3659; x_wconf 85' lang='lat' dir='ltr'>y&#39;am</span> <span class='ocrx_word' id='word_1_202' title='bbox 674 3578 972 3658; x_wconf 88' lang='lat' dir='ltr'>transgrediamur.</span> 
     </span>
    </p>

    <p class='ocr_par' dir='ltr' id='par_1_6' title="bbox 187 3692 1298 4133">
     <span class='ocr_line' id='line_1_30' title="bbox 271 3692 1296 3776; baseline -0.007 -16"><span class='ocrx_word' id='word_1_203' title='bbox 271 3697 318 3760; x_wconf 90' lang='lat' dir='ltr'>De</span> <span class='ocrx_word' id='word_1_204' title='bbox 352 3713 392 3759; x_wconf 92' lang='lat' dir='ltr'>ea</span> <span class='ocrx_word' id='word_1_205' title='bbox 425 3713 470 3775; x_wconf 75' lang='lat' dir='ltr'>re,</span> <span class='ocrx_word' id='word_1_206' title='bbox 502 3714 604 3776; x_wconf 89' lang='lat' dir='ltr'>quam</span> <span class='ocrx_word' id='word_1_207' title='bbox 638 3696 829 3775; x_wconf 78' lang='lat' dir='ltr'>quaerimus,</span> <span class='ocrx_word' id='word_1_208' title='bbox 859 3700 1042 3776; x_wconf 86' lang='lat' dir='ltr'>postquam</span> <span class='ocrx_word' id='word_1_209' title='bbox 1070 3698 1102 3766; x_wconf 78' lang='lat' dir='ltr'>(a</span> <span class='ocrx_word' id='word_1_210' title='bbox 1125 3709 1200 3772; x_wconf 89' lang='lat' dir='ltr'>pag.</span> <span class='ocrx_word' id='word_1_211' title='bbox 1223 3692 1296 3763; x_wconf 82' lang='lat'>948)</span> 
     </span>
     <span class='ocr_line' id='line_1_31' title="bbox 187 3809 1296 3896; baseline -0.009 -16"><span class='ocrx_word' id='word_1_212' title='bbox 187 3814 322 3896; x_wconf 86' lang='lat' dir='ltr'>copiose</span> <span class='ocrx_word' id='word_1_213' title='bbox 352 3814 438 3876; x_wconf 83' lang='lat' dir='ltr'>satis</span> <span class='ocrx_word' id='word_1_214' title='bbox 472 3814 641 3891; x_wconf 89' lang='lat' dir='ltr'>disseruit,</span> <span class='ocrx_word' id='word_1_215' title='bbox 677 3813 755 3892; x_wconf 90' lang='lat' dir='ltr'>quid</span> <span class='ocrx_word' id='word_1_216' title='bbox 778 3813 870 3876; x_wconf 87' lang='lat' dir='ltr'>varie</span> <span class='ocrx_word' id='word_1_217' title='bbox 894 3813 1085 3876; x_wconf 85' lang='lat' dir='ltr'>sensissent</span> <span class='ocrx_word' id='word_1_218' title='bbox 1109 3809 1296 3873; x_wconf 87' lang='lat' dir='ltr'>doctissimi</span> 
     </span>
     <span class='ocr_line' id='line_1_32' title="bbox 187 3910 1298 4011; baseline -0.007 -14"><span class='ocrx_word' id='word_1_219' title='bbox 187 3910 351 4008; x_wconf 70' lang='lat' dir='ltr'>nominee,</span> <span class='ocrx_word' id='word_1_220' title='bbox 374 3950 448 4011; x_wconf 90' lang='lat' dir='ltr'>pag.</span> <span class='ocrx_word' id='word_1_221' title='bbox 471 3932 533 3994; x_wconf 75' lang='lat'>952</span> <span class='ocrx_word' id='word_1_222' title='bbox 555 3933 666 3994; x_wconf 90' lang='lat' dir='ltr'>totam</span> <span class='ocrx_word' id='word_1_223' title='bbox 691 3932 815 4010; x_wconf 88' lang='lat' dir='ltr'>repetit</span> <span class='ocrx_word' id='word_1_224' title='bbox 837 3931 1060 4011; x_wconf 75' lang='lat' dir='ltr'>&lt;111aestionem</span> <span class='ocrx_word' id='word_1_225' title='bbox 1084 3946 1105 3992; x_wconf 86' lang='lat' dir='ltr'>a</span> <span class='ocrx_word' id='word_1_226' title='bbox 1125 3926 1298 3990; x_wconf 88' lang='lat' dir='ltr'>sententia</span> 
     </span>
     <span class='ocr_line' id='line_1_33' title="bbox 187 4046 1297 4133; baseline -0.01 -15"><span class='ocrx_word' id='word_1_227' title='bbox 187 4050 362 4118; x_wconf 83' lang='lat' dir='ltr'>Ritsclrelii</span> <span class='ocrx_word' id='word_1_228' title='bbox 397 4049 483 4116; x_wconf 89' lang='lat' dir='ltr'>duos</span> <span class='ocrx_word' id='word_1_229' title='bbox 519 4049 625 4115; x_wconf 86' lang='lat' dir='ltr'>fuisse</span> <span class='ocrx_word' id='word_1_230' title='bbox 664 4050 762 4133; x_wconf 90' lang='lat' dir='ltr'>quasi</span> <span class='ocrx_word' id='word_1_231' title='bbox 797 4049 932 4130; x_wconf 68' lang='lat' dir='ltr'>gradus</span> <span class='ocrx_word' id='word_1_232' title='bbox 970 4065 1028 4128; x_wconf 92' lang='lat' dir='ltr'>per</span> <span class='ocrx_word' id='word_1_233' title='bbox 1065 4064 1150 4130; x_wconf 92' lang='lat' dir='ltr'>quos</span> <span class='ocrx_word' id='word_1_234' title='bbox 1186 4046 1297 4127; x_wconf 76' lang='lat' dir='ltr'>poetae</span> 
     </span>
    </p>
   </div>
   <div class='ocr_carea' id='block_1_3' title="bbox 0 0 1422 4596">
    <p class='ocr_par' dir='ltr' id='par_1_7' title="bbox 0 0 1422 4596">
     <span class='ocr_line' id='line_1_34' title="bbox 0 0 1422 4596; baseline 0 0"><span class='ocrx_word' id='word_1_235' title='bbox 0 0 1422 4596; x_wconf 95' lang='lat' dir='ltr'> </span> 
     </span>
    </p>
   </div>
  </div>
 </body>
</html>
