2834 4596
1178 275 1219 337 25

149 439 237 520 apud
261 457 398 520 graecos,
421 432 530 502 altera
552 440 749 521 reposcitur.
787 442 841 504 Ita
856 441 1089 521 compensatio
1105 442 1260 522 clusoriam

150 559 304 624 efficitur:
365 605 367 609 ν
802 557 809 649 ’ἡ
876 569 880 576 ·

226 679 276 741 ut
299 678 361 740 hoc
383 677 469 740 ilem
495 676 536 740 ad
560 678 869 758 verbaspondiaca
891 678 1048 758 pertinet,
1071 683 1110 741 ut
1133 696 1151 742 e
1171 679 1261 743 sche-

151 799 253 874 mate,
276 796 364 876 quod
386 813 489 876 supra
511 797 662 876 positum
685 800 750 874 est,
773 797 918 876 perbene
939 797 1147 877 intelligitur.
1219 811 1221 814 ·

163 952 164 955 =
233 915 316 978 Haec
348 914 450 994 igitur
482 915 546 978 (luo
580 932 702 994 genera
729 949 759 957 „
787 915 968 978 molossica
1002 915 1072 980 dico
1102 919 1137 979 et
1165 932 1261 996 spon·

152 1033 246 1098 diaoa
273 1050 348 1097 fe
381 1033 638 1098 ratiocinatione
669 1033 727 1096 illa
760 1033 926 1097 Oorssenii
957 1033 1261 1098 verisimilitudinis

151 1151 374 1232 excipiuntur.
418 1150 471 1241 1111
495 1166 571 1213 eam
594 1151 710 1230 quanti
736 1151 805 1214 sint
827 1152 1000 1229 momenti,
1016 1153 1148 1216 ratione
1163 1151 1261 1215 modo

152 1250 492 1363 numerariaoonj'lci
528 1271 652 1348 potest,
688 1269 777 1348 quod
813 1271 928 1332 tamen
962 1269 1015 1332 hic
1037 1270 1173 1348 longum
1197 1274 1260 1333 est.

152 1387 326 1468 Ejusmodi
348 1404 429 1451 vero
452 1368 556 1450 verba
579 1387 711 1467 longios
734 1390 852 1467 patere
873 1391 909 1450 et
931 1388 1020 1451 haud
1037 1388 1260 1468 spernendam

152 1507 332 1570 verborum
350 1497 751 1586 longam'praeierentium
768 1507 1001 1586 paenultimam
1022 1523 1098 1569 esse
1110 1505 1261 1569 multitu·

154 1625 265 1689 dinem
288 1623 445 1687 facillime
468 1628 611 1704 apparet
634 1625 675 1687 ol)
698 1641 842 1704 eamque
875 1623 1260 1687 remratiocinationem

154 1742 322 1806 Corssenii
339 1733 444 1804 ²ualde
466 1742 563 1821 quasi
586 1744 765 1805 concutere
787 1744 822 1805 et
845 1730 1018 1821 quassare.

238 1859 423 1937 Adienos,
440 1859 527 1939 quod
551 1863 673 1922 oeterae
689 1877 832 1939 quoque,
852 1876 939 1939 quas
955 1833 1261 1939 suprafposuirnus,

151 1977 275 2056 figurae,
311 1977 342 2040 in
375 1977 542 2040 rationem
571 1977 730 2040 incidunt.
775 1977 824 2040 Ut
846 1977 934 2040 enim
959 1976 1087 2040 medias
1109 1977 1186 2040 illas
1208 1978 1261 2040 eli·

149 2111 271 2174 gamus
295 2095 390 2172 duas,
414 2095 445 2156 in
470 2095 579 2173 priore
601 2095 709 2174 ligura
727 2095 1261 2174 ψ1.-11111101111111011111131131

78 2189 82 2200 ¹
150 2211 320 2276 trochaico
356 2213 407 2275 vel
442 2213 672 2292 pyrrhichiaco
707 2213 758 2277 ve'l
794 2214 826 2276 in
861 2214 923 2276 has
946 2213 1085 2276 'formas
1108 2213 1259 2290 cadente,

150 2330 239 2410 quod
263 2330 396 2410 quidem
421 2330 454 2392 in
477 2332 613 2394 brevem
637 2331 794 2394 ultimam
816 2331 921 2395 ictum
937 2330 1086 2404 recipiat,
1107 2331 1161 2394 vel
1177 2331 1260 2411 eJ'us·

151 2448 240 2510 rnodi
262 2447 329 2511 alia
351 2447 482 2512 ratione
505 2448 626 2512 effecta
648 2449 880 2528 complexione
902 2448 1059 2528 quadarn,
1092 2451 1132 2510 ut
1154 2449 1186 2511 in
1217 2448 1259 2510 la-

150 2564 223 2626 tina
255 2564 368 2644 lingua
399 2566 575 2629 contorrlia
607 2566 665 2628 illa
697 2566 909 2646 impediatur.
965 2565 1064 2628 Nullo
1088 2566 1137 2628 ita
1161 2565 1259 2629 modo

119 2754 122 2757 ,
153 2681 240 2759 apud
273 2682 398 2746 latinos
430 2684 562 2764 uiridem
598 2685 683 2748 effici
717 2686 833 2764 potest
868 2685 937 2747 llaec
966 2683 1150 2746 concordia.
1195 2682 1258 2745 Sed

151 2797 240 2877 apud
262 2817 388 2878 graecos
412 2802 570 2880 quoniam
594 2804 753 2865 accentus
776 2818 870 2882 teque
897 2801 1053 2865 ultimam
1077 2817 1116 2863 ao
1138 2799 1259 2880 panul-

150 2915 270 2979 timam
306 2935 468 2998 occupare
501 2921 627 2998 potest,
662 2936 728 2982 non
762 2920 873 2982 minus
907 2919 947 2982 au
977 2918 1081 2982 ictum
1104 2918 1137 2981 in
1161 2935 1257 2981 suum

150 3034 259 3097 locum
294 3036 517 3114 recipiendum
551 3040 605 3099 est
642 3040 797 3116 paratus;
832 3037 881 3099 ita
908 3037 948 3099 fit
970 3036 1155 3112 concordia,
1185 3053 1261 3115 quae

150 3151 380 3230 apud'latinos
397 3153 481 3216 effici
498 3170 563 3215 non
580 3157 706 3232 potest.
744 3153 839 3234 Quod
855 3154 944 3216 idern
960 3154 1051 3216 etad
1070 3154 1259 3233 proximam

150 3269 292 3346 figuram
326 3270 482 3348 pertinet,
517 3271 614 3332 inodo
649 3275 812 3351 sequatur
845 3288 913 3333 vox
943 3271 1089 3349 iambica
1123 3270 1175 3333 vel
1206 3271 1261 3332 tri·

152 3386 305 3449 brachica
327 3388 381 3450 vel
404 3387 513 3451 forma
536 3388 592 3450 illa
615 3388 713 3451 aliter
736 3389 835 3465 lacta,
858 3392 894 3451 et
916 3388 1020 3451 ictum
1043 3388 1183 3467 recipiat
1207 3405 1260 3450 an-

150 3504 386 3582 tepaenultima
410 3506 461 3568 vel
486 3506 607 3568 ultima
630 3506 778 3585 syllaba:
812 3506 844 3568 in
871 3506 984 3585 lingua
1006 3507 1113 3569 latina
1136 3506 1185 3568 ita
1207 3509 1261 3568 est

150 3620 355 3684 inevitabilis
378 3622 560 3698 discordia;
584 3624 672 3702 apud
696 3640 824 3702 graecos
847 3623 1006 3703 quoniam
1027 3627 1129 3687 acuta
1144 3625 1262 3702 potest

151 3739 227 3802 esse
250 3744 285 3802 et
307 3739 428 3803 ultima
450 3753 485 3803 et
508 3742 798 3821 antepaenultirna
819 3742 882 3804 hac
899 3741 961 3803 sub
980 3740 1172 3804 condicione
1188 3757 1260 3802 con-

151 3857 263 3920 cordia
297 3858 367 3921 lieri
400 3862 527 3939 potest.
582 3860 670 3922 Nam
700 3859 836 3922 rlirnitlia
858 3862 913 3922 est
936 3856 1193 3921 verisimilitudo
1216 3858 1261 3920 111-

151 3972 244 4037 timae
278 3976 331 4038 vel
366 3976 571 4056 paenultimae
605 3980 723 4040 acutae.
768 3976 800 4040 si
824 3993 890 4039 non
914 3975 1058 4051 (alanino,
1085 3978 1259 4038 attamen

150 4107 193 4154 ex
217 4097 314 4172 parte
338 4096 488 4158 maxima
511 4095 761 4176 argumentatio
785 4094 850 4175 illa,
875 4111 949 4175 quae
973 4093 1130 4174 saprade
1148 4091 1261 4155 verbis
