2834 4596
1147 255 1184 318 51

121 432 234 510 lingua
257 431 322 492 fine
346 428 431 492 virili
453 444 573 491 versus
594 425 732 506 jambici
755 425 891 504 saepius,
915 441 1017 504 quam
1040 440 1148 487 suave
1164 426 1228 500 est,

121 547 274 623 efficitur,
297 548 338 609 ut
361 545 604 625 Tegnerianum
628 543 724 606 illud:

121 664 193 744 ’Dig
216 664 330 727 sbfver
353 663 534 726 smiclrrets
556 665 634 739 rost,
656 662 717 724 hbr
740 660 945 738 sanningens
968 674 1009 721 en
1030 654 1145 738 pclapl‘

206 780 326 843 Causis
349 779 452 859 igitur
472 778 568 857 longe
585 776 728 841 diversis
744 779 825 841 ante
841 776 1047 839 trochaicam
1064 792 1230 839 caesuram

122 903 157 963 et
179 899 245 962 fine
265 898 410 978 Jambrco
429 895 666 975 monosyllaba
686 894 825 958 exclusa
841 896 931 957 sunt.
976 893 1098 956 Curam
1114 895 1230 956 autem

123 1020 283 1079 accentus
307 1032 371 1077 non
395 1030 561 1077 essenon
585 1014 778 1092 spectatam
802 1010 985 1074 verisimile
1007 1013 1071 1074 est.

206 1132 241 1196 Si
274 1131 376 1211 igitur
408 1148 428 1194 a
461 1129 632 1193 trochaica
665 1145 796 1191 casura
832 1127 991 1208 ablegata
1014 1130 1096 1190 sunt
1120 1144 1231 1191 mono·

123 1249 256 1329 syllaba
289 1249 402 1327 verba,
436 1247 594 1311 nimirum
626 1249 667 1310 ut
699 1247 779 1310 ante
813 1262 899 1324 eam,
931 1245 981 1308 ita
1013 1245 1118 1310 etiam
1152 1248 1232 1326 post

123 1367 248 1447 sapius
270 1367 309 1430 flt
332 1365 517 1430 concordia.
561 1364 633 1428 Hoc
653 1363 724 1443 jam
748 1363 947 1427 Corssenius
970 1366 1006 1427 et
1028 1363 1083 1426 alii
1099 1364 1232 1461 demon·

123 1487 332 1548 straverunt.
377 1484 460 1564 Quid
494 1482 596 1562 ergo?
629 1481 672 1545 ad
706 1481 919 1545 concordiam
954 1481 1031 1561 quid
1055 1481 1233 1560 adjuvaret

124 1618 254 1664 caesura
283 1601 349 1678 illa,
378 1617 488 1664 nonne
510 1599 628 1663 comici
650 1599 915 1663 intellexerunt?
959 1598 1057 1663 Certe
1080 1599 1232 1680 quidem;

123 1719 173 1782 ita
206 1718 294 1783 enim
327 1716 479 1797 religiose
512 1717 545 1781 in
578 1716 734 1780 trimetro
766 1715 911 1796 jambico
949 1717 1001 1780 vel
1040 1718 1233 1797 septenario

124 1835 295 1899 trochaico
318 1852 483 1900 casuram
506 1835 745 1912 observabant,
769 1834 828 1897 vix
849 1837 888 1897 ut
910 1833 1000 1897 ullus
1022 1851 1154 1913 versus,
1177 1835 1234 1915 qui

125 1957 241 2016 careat
263 1952 330 2031 illa,
353 1952 490 2033 reperiri
513 1953 633 2033 possit.
678 1952 721 2015 m
743 1968 842 2015 secus
865 1952 962 2032 longe
986 1953 1085 2031 graeci
1105 1952 1232 2016 comici.

208 2070 258 2133 At
278 2069 461 2150 Jambicam
485 2086 617 2151 quoque
640 2085 815 2148 caesuram,
850 2086 952 2150 quarn
975 2070 1102 2151 saepius
1124 2070 1234 2134 facere

126 2187 328 2251 discordiam
350 2191 616 2252 consentaneum
640 2188 704 2266 est,
739 2187 857 2252 eadem
880 2188 1095 2252 accuratione
1125 2189 1234 2253 obser·

125 2306 222 2369 vavit
255 2305 410 2384 Plautus,
444 2322 512 2384 qua
544 2305 761 2383 trochaicam,
794 2304 894 2386 idque
926 2306 959 2370 in
983 2307 1176 2388 septenario
1200 2310 1235 2374 et

126 2423 299 2487 octonario
320 2422 476 2502 jambico.
521 2422 609 2487 Vere
632 2425 798 2488 monitum
822 2427 892 2504 est;
923 2425 1123 2489 variationis
1145 2427 1235 2490 enim

126 2544 162 2604 et
184 2540 418 2605 delectationis
440 2557 545 2604 causa
568 2541 673 2605 etiam
695 2542 747 2604 his
771 2541 880 2606 modis
904 2542 1049 2607 Plautus
1065 2560 1150 2607 usus
1165 2546 1235 2623 est;

127 2661 163 2721 et
186 2658 343 2736 quoniam
367 2658 583 2738 septenarius
596 2657 766 2738 J'ambicus
780 2658 880 2722 linem
898 2659 1002 2724 habet
1017 2660 1235 2740 trochaicum,

129 2791 266 2838 necesse
299 2779 381 2855 erat,
415 2779 454 2839 ut
487 2775 673 2839 similitudo
708 2755 906 2855 evitaretur,
936 2777 1084 2857 Jambica
1106 2795 1237 2842 caesura

127 2895 364 2973 usurparetur,
405 2895 440 2956 et
478 2896 617 2974 propter
651 2893 894 2973 longitudinem
930 2911 1090 2959 versuum
1125 2899 1236 2975 poetae

127 3010 316 3073 necessitas
338 3027 506 3074 caesuram
528 3011 697 3090 quandam
723 3027 857 3091 semper
880 3013 1082 3076 observandi
1098 3015 1237 3077 extorta

128 3132 192 3189 est.
237 3126 301 3190 Sed
325 3127 397 3189 baec
420 3127 501 3190 mihi
522 3128 593 3208 jam
616 3129 861 3192 commonenda
883 3146 959 3193 esse
983 3130 1155 3194 videntur:

214 3244 242 3314 ll
276 3243 317 3306 ad
347 3243 529 3323 J'ambicam
563 3261 729 3308 caesuram
763 3245 964 3309 discordiam
998 3246 1069 3310 fieri
1101 3248 1237 3312 minime

128 3376 266 3424 necesse
297 3377 393 3438 esse;
425 3365 504 3442 post
537 3378 613 3424 eam
644 3361 706 3424 bis
730 3361 846 3441 figuris
880 3363 1024 3428 efficitur
1046 3365 1237 3445 concordia;

128 3506 226 3554 3ss
243 3499 299 3556 Ἀ
320 3509 468 3574 23„
487 3500 544 3557 g,
567 3501 790 3558 ,JV—403
827 3480 879 3543 his
907 3483 1024 3543 autem
1057 3481 1236 3546 discordia:

211 3714 242 3785 2)
264 3713 368 3777 etiarn
391 3718 471 3778 ante
493 3731 659 3778 caesuram
681 3715 773 3779 illam
797 3714 1008 3778 concordiam
1024 3714 1108 3779 effici
1125 3731 1238 3795 posse,

129 3831 157 3893 si
181 3831 322 3895 verbum
345 3831 388 3894 ibi
412 3847 520 3912 ponas
544 3832 827 3911 monosyllabum,
850 3832 913 3895 boc
936 3836 1053 3895 autem
1076 3832 1235 3897 Plautum

130 3964 220 4027 saepe
243 3949 454 4028 observasse,
477 3952 532 4012 ut:

213 4064 313 4145 ’Quor
334 4065 400 4130 non
423 4067 557 4145 venisti,
581 4069 620 4130 ut
638 4066 808 4146 jusseram
831 4068 868 4129 iu
884 4062 895 4144 ll
923 4064 1140 4129 tonstrinam.
1176 4065 1239 4128 Hic

130 4181 183 4228 me
207 4166 398 4245 moratust’;
