2834 4596
1130 241 1170 305 49

100 412 190 492 ,quod
220 411 464 491 Aeginetarum
492 411 645 486 vocatur,
669 425 712 471 ex
733 409 835 471 certis
858 408 988 471 indiciis
1010 424 1212 487 cognoscere

105 530 227 610 possis,
250 532 289 592 ut
312 526 471 591 cincinnis
494 525 650 588 omnibus
668 524 786 588 eodem
802 524 871 587 iere
886 525 1211 605 modocompositis

105 648 145 708 ut
176 645 266 724 rugis
290 647 377 722 togae
401 643 537 706 minime
561 641 741 705 veritatem
770 641 921 704 vestitus
944 642 1212 722 praeierentibus

107 764 141 823 et
175 761 323 822 duritate
357 759 486 837 vultus,
510 775 614 838 egone
635 760 684 836 ut,
708 758 737 820 si
759 774 802 821 ex
826 757 1029 822 bisindiciis
1047 759 1213 839 conjicere

107 877 210 940 velim
242 875 348 938 fuisse
382 878 453 938 tum
484 874 609 937 inillis
638 874 825 938 artificibus
847 869 1019 938 inscitiam
1042 877 1212 956 quandam

106 994 227 1055 melius
260 993 442 1056 veritatem
475 990 638 1070 imitandi,
666 994 701 1055 et
723 992 786 1055 hoc
804 992 878 1071 ,iure
900 992 1116 1072 concludam,
1131 996 1213 1057 tem·

106 1110 243 1189 poribus
265 1109 439 1184 Hadriani,
462 1108 550 1189 quod
575 1111 649 1171 tum
668 1109 911 1189 quoque-signa
925 1109 1074 1188 ejusdem
1092 1110 1214 1190 speciei

104 1225 269 1290 fabricata
300 1226 378 1305 sint,
412 1226 553 1290 eandem
586 1225 693 1289 fuisse
715 1225 899 1307 inscitianr;
931 1243 1148 1306 quamquam·
1173 1228 1213 1290 si*

106 1343 254 1407 mulacra
282 1343 387 1407 etiam
415 1343 505 1407 illius
533 1343 649 1406 aetatis
672 1344 808 1426 summa
827 1344 988 1408 ueritatis
1001 1343 1214 1424 ‘perfectione

104 1461 252 1524 vidimus
275 1461 485 1540 praestantia.
529 1460 638 1523 Immo
661 1477 741 1524 vero
764 1461 949 1525 duritatem
972 1461 1213 1525 etruditatem

106 1579 290 1658 priscorum
316 1577 448 1641 illorum
470 1581 663 1657 temporum
687 1595 752 1642 non
777 1578 911 1642 inscitia
934 1595 996 1641 sua
1020 1579 1137 1654 coacti,
1155 1579 1213 1642 sed

105 1695 295 1758 novitatem
318 1695 488 1774 quandam
512 1695 714 1758 affectantes
737 1694 969 1758 imitabantur.

190 1811 284 1891 Quod
317 1811 406 1874 idem
440 1816 475 1875 et
508 1812 549 1875 ad
579 1812 763 1891 scriptores
790 1812 865 1877 illos
888 1812 1065 1876 transferri
1088 1815 1214 1893 potest.

107 1929 142 1992 in
181 1932 281 1992 tanta
317 1929 406 1992 enim
445 1928 567 2009 ubique
607 1947 792 2010 graecorum
826 1930 1015 1994 inritatione
1049 1930 1215 1994 novitatis

107 2046 175 2110 iere
197 2051 271 2111 erat
294 2047 439 2111 comicos
461 2047 536 2111 illos
558 2051 693 2111 veteres
717 2047 814 2126 quasi
839 2063 1028 2127 resurgere3
1057 2049 1092 2110 11
1113 2051 1153 2111 ut
1175 2047 1214 2127 ia,

107 2165 164 2243 qui
187 2181 287 2243 quem
309 2164 474 2243 imitatur,
494 2164 722 2245 proprietates
737 2164 810 2245 ejus
826 2167 1004 2244 tamquam
1021 2168 1214 2244 exaggerat,

107 2282 156 2344 ita
190 2281 382 2345 imitatores
415 2282 471 2360 illi,
505 2299 608 2362 quum
643 2283 733 2362 leges
767 2281 934 2361 quasdam
956 2285 992 2346 et
1014 2282 1148 2362 regulas
1171 2282 1215 2345 in·

108 2398 293 2477 venissent,
327 2401 366 2462 ut
399 2416 515 2463 veram
550 2399 710 2463 afferrent
741 2399 1009 2477 similitudinem
1030 2415 1214 2479 numquam

107 2516 175 2580 fere
201 2518 292 2597 leges
314 2516 390 2580 illas
413 2517 597 2581 violabant.
647 2517 690 2580 Et
716 2515 810 2578 licuit
836 2516 976 2593 imitari;
1004 2533 1082 2579 nam
1111 2516 1215 2580 etiarn

108 2635 224 2698 comici
259 2633 489 2714 quantitatem
524 2634 669 2715 primam
704 2633 915 2712 spectabant.
960 2634 1066 2713 Leges
1088 2636 1215 2713 autem,

108 2769 183 2831 quae
212 2751 396 2814 concordiae
424 2752 471 2816 illi
495 2752 667 2829 favebant,
696 2752 882 2830 potuerunt
905 2751 1215 2817 observareimita·

107 2872 215 2948 tores;
249 2886 328 2933 nam
362 2869 443 2932 nihil
477 2871 552 2934 erat
585 2868 865 2948 obst-aculi3sed
898 2871 936 2932 ut
965 2869 999 2932 in
1022 2868 1127 2949 signis
1150 2868 1216 2936 illis

109 2986 320 3064 Hadrianeis²
344 2987 393 3050 ita
416 2987 448 3049 in
472 2986 524 3049 his
546 2987 702 3050 versibus
725 3003 839 3064 causa,
873 3004 948 3067 quae
971 2986 1215 3066 proprietatem

109 3103 285 3182 utriusque
303 3104 434 3183 generis
458 3104 635 3179 1111111111,
646 3103 716 3183 jam
740 3107 935 3167 evanuerat.
981 3104 1024 3168 Et
1048 3102 1216 3188 severitas

108 3220 164 3284 iila
186 3221 287 3283 nimis
310 3220 465 3300 religiosa
488 3221 640 3283 scholam
663 3222 754 3283 certe
776 3219 913 3283 redolet.
949 3281 950 3284 ,
998 3229 1001 3248 ³

193 3340 240 3402 De
263 3354 392 3402 caesura
412 3355 490 3420 quae
514 3336 704 3416 disputavit
727 3337 880 3413 Meierus
903 3336 1040 3399 brevius
1055 3335 1216 3416 compleo·

108 3460 231 3519 tamur.
277 3454 568 3535 Quemadmodum
592 3453 695 3517 verba
718 3430 954 3533 monosyllaba
977 3452 1066 3531 apud
1089 3469 1217 3532 graecos

110 3588 217 3650 neque
247 3575 327 3634 aute
356 3571 564 3635 trochaicam
592 3586 757 3635 caesuram
781 3586 888 3649 neque
910 3569 943 3632 in
967 3585 1128 3633 versuum
1152 3569 1217 3638 fine

108 3687 140 3750 in
168 3705 205 3750 se
228 3687 399 3751 habebant
421 3687 604 3767 quidquam
640 3687 847 3764 offensionis,
879 3687 929 3754 ita
962 3685 1154 3757 accuratius
1176 3703 1218 3753 ea

111 3805 289 3885 utrobique
317 3805 495 3870 evitabant
521 3804 627 3869 latini.
672 3806 769 3868 Hanc
793 3804 884 3890 petitn
903 3804 1046 3868 Meierus
1069 3803 1172 3875 etiam
1188 3820 1217 3871 ,a

111 3923 227 3996 graecis
250 3923 421 4003 originem.
465 3922 502 3984 In
527 3922 728 4010 septenariis
745 3921 832 3985 enim
847 3921 1002 4002 Jambicis
1018 3919 1216 3999 Aristopha-

112 4034 183 4096 ueis
206 4040 371 4104 vocabula
393 4038 630 4118 monosyllaba
653 4041 739 4119 (pag.
763 4040 814 4111 49)
837 4037 1113 4102 statuitrariora
1130 4052 1216 4114 esse,

153 4134 200 4199 IV
