2834 4596
1161 237 1198 302 17

132 431 235 495 quarn
269 411 426 493 quoniam
461 417 674 489 nequaquam
709 407 886 484 laedebant,
920 422 1034 485 causa,
1061 424 1144 487 ,quae
1170 425 1240 472 rem

132 531 301 596 efficiebat
339 528 428 608 apud
471 526 651 604 comicos,
675 524 873 588 oblitterata
915 527 1032 590 tamen
1075 525 1242 589 rationem

131 649 264 712 illomm
290 646 362 710 sine
385 645 454 708 uita
476 643 662 708 offensione
683 641 841 723 amplecti
865 644 1035 721 poterant.

215 764 322 845 Quid?
345 762 562 843 quodetiam
584 761 672 824 inter
695 759 848 824 senarios
870 775 993 823 versus
1016 775 1147 823 morem
1163 777 1244 839 grace

131 899 248 946 corum
284 880 469 944 referentes
502 877 684 942 videmus?
728 875 764 940 Si
786 875 884 940 enim*
898 877 985 940 ratio
1009 876 1244 957 discrepantiae

133 998 221 1078 apud
250 1010 379 1078 graecos
410 999 471 1060 est
491 995 594 1059 tertia
617 1010 708 1074 pars,
730 994 749 1057 i.
773 1010 801 1056 e.
824 992 918 1057 nulla
939 994 1071 1058 ratione
1093 994 1244 1058 adhibita

131 1118 301 1193 accentus,
332 1131 444 1195 quum.
466 1123 587 1176 versus
617 1113 820 1191 panguntur,
844 1110 873 1174 si
897 1111 998 1175 tertia
1021 1128 1154 1192 quaque
1176 1111 1245 1176 arsi

133 1237 295 1298 accentus
318 1232 475 1311 ictusque
498 1230 700 1309 discrepant,
721 1229 810 1292 tales
825 1245 957 1308 ‘versus
970 1235 1012 1292 ut
1027 1229 1246 1294 hexametros

130 1352 344 1428 omittamus
373 1327 564 1412 ¹trimetros
609 1347 783 1424 hebemus
817 1363 904 1427 quos
935 1347 1073 1411 ’Seneca
1107 1352 1244 1413 vocant·

131 1469 237 1548 nequi
272 1467 440 1547 ejusmodi
471 1469 536 1545 est,
573 1469 612 1528 ut
634 1465 839 1545 perhibetur,
861 1468 1037 1529 structura
1059 1464 1180 1544 linguae
1202 1468 1247 1531 ia·

131 1585 223 1663 tinae,
256 1590 296 1649 ut
323 1584 476 1664 impediri
508 1601 576 1647 non
610 1584 720 1663 possit
753 1585 914 1647 accentus
943 1583 1100 1665 ictusque
1116 1585 1246 1649 coitus·

134 1702 241 1766 Immo
276 1720 367 1783 vero,
401 1702 430 1765 si
461 1702 528 1765 ritu
555 1719 739 1781 graecorum
761 1702 1080 1780 versusinstituaS,
1104 1702 1144 1767 id
1159 1703 1248 1783 quod

136 1817 296 1897 effeceris,
319 1821 458 1885 eandem
482 1820 551 1883 fere
574 1825 676 1900 atque
698 1820 745 1883 illi
767 1820 931 1900 praebebit
954 1820 1130 1884 rationem.

217 1937 292 2016 Hie,
315 1947 392 2018 quae
413 1939 564 2012 dicimus
586 1942 853 2002 consentaneum
869 1942 924 2002 est
939 1941 975 2001 et
989 1918 1247 2017 cbrrsectarium,

133 2058 173 2119 ut
200 2073 221 2120 a
250 2055 410 2136 principio
437 2059 549 2120 toturn
578 2057 641 2120 hoc
667 2074 774 2137 genus
797 2056 910 2136 poesis
934 2056 1049 2120 latinae
1075 2090 1106 2098 —-
1134 2073 1247 2136 quam·

134 2191 235 2252 quam
259 2173 418 2236 nimirum
442 2174 476 2237 in
498 2173 611 2255 lingua
634 2178 668 2238 et
692 2175 869 2254 quantitas
892 2175 1174 2255 respiceretur-
1198 2191 1248 2238 ac·

136 2295 255 2355 centus
277 2295 415 2355 tantum
428 2292 631 2357 adhibuerit
653 2311 778 2373 curam,
799 2297 921 2374 postea
936 2299 1053 2357 autern
1070 2293 1248 2373 quantitas

136 2410 290 2490 exemplo
323 2427 509 2491 graecorum
545 2413 587 2475 ab
620 2413 725 2477 Ennio
761 2431 879 2477 norma
910 2413 957 2476 sit
989 2413 1249 2476 introducta

136 2539 344 2608 quamquam
377 2530 513 2609 quidem
542 2531 576 2593 in
602 2548 667 2596 usn
690 2532 886 2612 quotidiano
909 2532 1012 2596 etiarn
1035 2533 1115 2610 post
1137 2537 1249 2594 aecen-

137 2650 196 2708 tus
219 2646 453 2727 adhiberetur3
477 2648 510 2711 in
526 2655 601 2712 arte
616 2650 751 2730 quidem
768 2649 944 2713 doctorum
960 2666 1063 2729 quum
1081 2648 1115 2711 in
1129 2648 1249 2711 metris

139 2762 319 2827 trochaicis
347 2769 382 2829 et
405 2766 571 2846 jambieiS,
599 2770 673 2832 tum
698 2768 873 2849 dactylicis
897 2766 1085 2847 putandum
1109 2769 1163 2830 est
1186 2766 1250 2830 sibi

139 2883 336 2948 constitisse
363 2903 470 2965 usque
500 2885 541 2949 ad
569 2886 762 2950 observata
784 2885 990 2967 quantitatis
1013 2884 1189 2949 interitum
1212 2902 1251 2949 ac

138 3000 320 3065 discissum
348 3002 450 3081 huJ'us
479 3005 713 3084 principatum,
741 3005 791 3068 ita
813 3010 853 3068 ut
876 3007 986 3084 pobtae
1010 3008 1187 3066 accentum
1210 3007 1251 3067 ne

139 3121 297 3182 curarent
318 3119 463 3199 quidem,
487 3122 623 3186 comicis
647 3115 762 3186 tamen
785 3122 948 3202 exceptis
978 3120 1034 3201 qui
1057 3120 1251 3200 quantitate

139 3253 279 3315 prorsus
302 3238 463 3317 adhibita,
477 3240 646 3320 'quoniam
669 3239 710 3303 ad
734 3239 858 3320 vulgus
881 3239 1097 3318 pertinerent,
1117 3237 1250 3301 institu-

139 3341 268 3417 tionem
290 3356 462 3434 quandam
485 3373 647 3420 versuum
671 3357 824 3420 accentui
846 3356 1034 3420 tribuerent
1057 3372 1164 3446 neque
1187 3355 1250 3418 nisi

140 3472 242 3535 certis
269 3473 333 3536 sub
359 3474 609 3538 condicionibus
636 3491 714 3537 eum
742 3458 910 3538 offendere
932 3473 1105 3537 auderent.
1149 3451 1252 3552 Apud

141 3604 199 3651 eos
222 3589 325 3669 igitur
348 3591 427 3655 nibil
450 3592 518 3655 fere
541 3592 637 3655 credo
660 3591 766 3654 fuisse
782 3591 987 3668 certaminis,
1004 3590 1063 3654 sed
1080 3605 1248 3654 summam

141 3707 363 3787 concordiam,
397 3727 500 3788 quum
534 3710 608 3773 sola
641 3712 798 3788 regnaret
825 3709 1001 3790 quantit-as
1034 3710 1070 3772 et
1092 3710 1251 3772 accentus

141 3823 320 3889 oboediret.

224 3940 371 4006 Primam
395 3944 497 4023 igitur
520 3945 749 4024 sumptionem
773 3945 801 4007 si
817 3946 1066 4007 commutemus
1084 3940 1251 4006 Corssenii

143 4055 183 4121 de
204 4076 306 4124 versu
330 4060 499 4140 saturnin,
520 4060 601 4125 mihi
616 4061 733 4126 videor
747 4061 1003 4124 demonstrasse
1018 4059 1107 4122 haud
1125 4059 1252 4122 minore

183 4158 213 4222 ΙΙ
