2834 4596
1175 311 1177 313 g
1216 231 1234 294 7

251 399 331 480 Quas
363 399 431 463 [lixi
461 402 500 462 ut
532 400 679 464 breviter
708 397 1000 477 comprehendam,
1024 414 1183 477 magnam
1206 398 1275 462 vim

167 518 290 581 habere
313 517 354 580 ad
378 534 499 580 versus
523 518 687 593 rationem
712 534 877 580 caesuram
902 516 1107 580 trochaicam
1129 517 1274 596 primurn

167 652 235 698 non
257 635 369 698 minus
390 634 558 698 intellexit
573 636 792 699 Hermanuus
808 651 910 714 quam
926 634 1063 714 posteri.
1098 633 1145 697 De
1161 650 1275 714 causa,

166 770 224 816 cur
256 755 327 816 tam
355 769 431 816 raro
459 753 682 832 negligeretur
709 769 769 816 seu
796 752 911 832 potius
940 752 1180 815 observaretur
1201 754 1274 815 tam

165 871 312 948 assidue,
335 871 428 934 varie
448 871 636 951 judicatum
658 873 722 934 est.
766 871 814 934 De
837 871 900 935 hoo
921 873 1038 934 tamen
1059 872 1190 950 postea.
1224 871 1225 875 ’

249 989 293 1053 Et
329 989 358 1051 si
398 988 577 1068 quisquam
613 988 676 1051 sibi
709 987 858 1051 vindicat
890 987 1031 1068 gloriam
1067 987 1160 1052 illam
1192 987 1275 1083 legis

167 1107 307 1187 dipodiae
344 1124 420 1186 quae
452 1110 595 1169 vocatur
619 1105 807 1186 -indagatae,
841 1105 1028 1170 Hermanni
1061 1108 1125 1169 est.
1181 1105 1275 1186 Quod

166 1227 286 1303 postea
320 1227 375 1286 est
408 1223 579 1302 adjectum
613 1222 692 1286 nihil
725 1222 814 1285 aliud
849 1225 903 1286 est
933 1222 997 1285 nisi
1020 1223 1177 1298 accessio,
1201 1240 1276 1303 quae

165 1333 293 1426 aedibus
327 1343 382 1404 est
405 1340 581 1420 'adiuncta
630 1340 722 1403 Mirae
745 1342 837 1403 uerte
859 1339 1046 1404 Hermanni
1069 1339 1275 1404 inventionis

155 1465 219 1522 'est
242 1459 349 1539 legem
373 1458 554 1538 indagasse
576 1463 611 1520 et
634 1458 676 1520 ad
699 1460 854 1520 nostram
878 1458 1102 1536 quaestionem
1118 1457 1275 1537 gravissi·
1347 1512 1350 1525 ,

166 1594 268 1651 mum,
282 1575 444 1639 attulisse
466 1574 705 1655 praejudicium.
1209 1638 1212 1645 ,

248 1695 296 1757 De
318 1710 358 1757 ea
380 1710 460 1756 vero
477 1710 521 1771 re,
538 1709 641 1773 quam
657 1692 850 1772 quaerimus,
867 1692 943 1772 quid
962 1692 1107 1756 senserit
1122 1693 1273 1757 Ritsche·

167 1811 241 1884 lius,
264 1810 381 1890 paucis
399 1813 435 1874 et
451 1810 650 1874 summatim
667 1809 767 1872 modo
785 1809 855 1889 Jam
876 1812 1014 1889 tempus
1030 1813 1085 1874 est
1101 1810 1274 1874 disserere.

165 1928 429 2007 Prolegomenon
461 1929 532 2008 ejus
565 1927 609 1990 ad
637 1927 872 1990 Trinummum
900 1928 1010 2007 capite
1038 1928 1086 2006 15,
1121 1927 1200 2008 quid
1223 1927 1274 1991 ’de

165 2049 327 2115 {receptus
350 2046 530 2110 verborum
550 2062 626 2109 cum
650 2061 867 2107 numerorum
894 2044 1082 2107 rationibus
1108 2045 1274 2108 consocia-

164 2162 267 2227 tione'
291 2162 739 2242 disputave1·it‚·videamus.

248 2279 397 2343 Primum
431 2280 533 2359 igitur
561 2280 637 2360 quid
667 2281 742 2343 toto
766 2279 806 2342 de
829 2280 890 2344 hoo
912 2297 1032 2360 genere
1055 2283 1201 2357 statuat,
1224 2280 1275 2344 de·

166 2397 272 2461 cernit
300 2397 358 2472 ita,
387 2400 426 2460 ut
452 2397 542 2460 dicat
569 2397 645 2460 'arti
669 2398 818 2461 metrica
841 2415 901 2477 pro
924 2398 1146 2463 fundamento
1169 2399 1276 2464 fuisse

104 2582 105 2585 ,
166 2514 372 2594 quantitatis
406 2514 698 2595 observationem;
732 2532 808 2578 cum
832 2515 905 2596 ejus
928 2518 1044 2579 autem
1069 2516 1275 2596 quantitatis

166 2632 368 2695 serveritate
402 2649 538 2696 summa
571 2636 731 2696 accentus
761 2632 1045 2711 observationem⁷
1068 2633 1179 2712 quoad
1202 2634 1275 2713 eius

167 2749 238 2812 lieri
272 2754 400 2829 posset,
434 2750 647 2813 consiliatam
674 2746 770 2814 esse'.
814 2749 941 2813 Poetas
964 2766 1042 2829 ergo
1066 2750 1191 2814 statuit
1213 2750 1274 2831 pri·

165 2883 257 2929 muln
292 2884 332 2930 ac
365 2867 556 2946 diligentius
592 2867 823 2948 quantitatem
861 2871 1037 2948 spectasse
1080 2869 1274 2947 verborum;

165 2983 351 3061 posteriore
384 2989 420 3046 et
453 2984 541 3047 haud
576 3002 716 3064 prorsus
749 2985 863 3048 debita
895 3001 975 3049 cura
1005 2988 1182 3049 accentum
1204 3002 1274 3049 ver·

165 3101 282 3163 borum
307 3101 520 3164 observasse.

248 3217 471 3298 Quaerendum
505 3226 560 3282 est
596 3220 697 3298 igitur
735 3220 890 3299 primum,
928 3237 1009 3282 num
1043 3222 1166 3283 natura
1199 3220 1275 3300 ipsa

165 3334 288 3415 linguae
321 3339 481 3400 accentus
515 3337 788 3400 observationem
812 3339 908 3400 vetet
930 3340 1060 3400 certam
1083 3339 1118 3399 et
1141 3354 1275 3417 semper

165 3457 369 3517 accuratam.
415 3454 538 3517 Totam
571 3427 664 3516 illam
688 3454 912 3533 quaestionem
935 3454 1055 3517 ultimo
1078 3472 1098 3517 a
1123 3454 1206 3534 pede
1228 3472 1274 3519 re·

165 3570 253 3650 petit
275 3571 397 3634 senarii
417 3570 562 3651 jambici.
607 3570 795 3634 Levissime
818 3571 880 3634 hoc
903 3571 1144 3651 perstringens,
1169 3589 1274 3652 quum

165 3687 196 3750 in
227 3688 294 3751 arsi
323 3688 443 3751 ultima
466 3689 578 3768 posita
605 3692 659 3751 est
685 3705 752 3751 vox
789 3688 1035 3768 monosyllaba,
1069 3706 1134 3768 quo
1158 3692 1274 3753 tamen

165 3806 324 3868 concinne
347 3810 543 3869 servaretur
566 3809 727 3870 accentus
750 3809 940 3886 verborum,
964 3824 984 3869 a
1007 3808 1110 3870 verim
1127 3807 1273 3886 Jambico

165 3924 276 3987 ultimi
311 3924 403 4004 perlis
437 3925 479 3987 ad
513 3926 645 3988 ceteros
679 3924 781 4005 pedes
815 3928 850 3989 et
878 3927 1067 3989 ceterorum
1093 3924 1273 3990 verborum

164 4042 290 4122 figuras
313 4043 448 4106 transit.
