2834 4596
169 247 264 349 Ι12

265 415 360 495 Quod
388 414 418 478 si
445 415 487 478 ad
514 415 675 480 Senecam
699 416 930 480 convertimus
954 417 1178 497 quaestionem
1201 423 1287 499 (pag.

181 534 254 604 956)
276 532 308 596 in
333 532 560 613 discrepantia
582 537 741 598 versatur
763 534 867 598 ctiam
892 535 994 598 tertia
1017 553 1097 615 pars
1120 537 1139 599 i.
1155 553 1182 600 c.
1200 537 1288 616 apud
1338 621 1341 624 Α

181 650 270 714 hunc
301 653 440 730 poetam
472 652 614 714 eandem
648 652 838 715 invenimus
872 651 1039 716 rationem
1074 656 1177 734 atque
1200 654 1287 733 apud

182 752 457 848 Aristophanem
502 768 549 832 Dc
572 768 634 832 hoc
656 768 744 832 infra
765 768 872 848 plura.

265 885 342 949 Jarn
376 902 456 949 vero
489 885 521 949 in
550 886 782 966 septenarium
810 887 1017 950 trochaicum
1041 887 1070 950 si
1093 887 1290 967 conjicimus

182 1002 308 1083 oculos,
332 1002 473 1067 eandem
496 1001 565 1066 iere
587 1020 663 1067 esse
686 1003 852 1068 rationem
876 1005 1076 1068 invenimus
1121 1005 1208 1069 Nam
1225 1010 1289 1084 est,

182 1124 221 1185 ut
254 1121 381 1184 arsium
412 1121 501 1201 apud
534 1120 695 1184 Plautum
729 1121 806 1201 plus
840 1138 943 1202 quam
978 1123 1124 1202 septima
1153 1140 1234 1202 pars
1256 1124 1290 1186 in

91 1287 94 1293 .
182 1238 410 1318 discrepantia
442 1242 609 1312 versetur,
643 1239 754 1302 minus
782 1256 884 1320 quarn
907 1241 1008 1303 sexta
1030 1256 1119 1319 pars.
1164 1241 1289 1304 Eodem

182 1373 322 1436 prorsus
346 1356 445 1420 modo
468 1372 523 1419 res
546 1373 582 1418 se
606 1356 709 1419 habet
731 1357 819 1436 apud
843 1356 990 1435 tragicos
1007 1356 1143 1421 latinos
1188 1358 1290 1438 Apud

183 1473 378 1538 Terentium
411 1474 593 1553 septimam
624 1474 694 1554 jam
724 1476 867 1555 partem,
890 1473 923 1536 in
946 1474 1124 1554 Pervigilio
1148 1475 1290 1540 Veneris

183 1594 353 1670 octavam,
396 1591 429 1653 in
468 1590 552 1670 jocis
589 1590 735 1654 militum
772 1591 922 1671 alternis,
960 1610 1034 1672 quae
1071 1592 1113 1656 ad
1150 1595 1289 1656 aetatem
1326 1670 1329 1677 Ι

182 1711 338 1773 nostram
351 1712 576 1772 servaverunt
589 1709 771 1772 Suetonius
784 1712 819 1772 et
831 1708 1023 1773 Scholiasta
1039 1709 1081 1773 ad
1093 1711 1288 1774 iuvenalem

182 1843 324 1907 quaeque
346 1825 556 1906 temporibus
580 1826 704 1889 Caesari
727 1826 985 1906 Domitianoque
1006 1827 1192 1907 interjectis
1209 1832 1290 1892 sunt

182 1943 408 2022 attribuenda,
432 1946 590 2023 quartani
616 1943 778 2006 decimam
801 1945 938 2006 tanturn
954 1947 1087 2024 partem
1105 1945 1290 2024 reperimus

182 2061 382 2126 efficientem
414 2060 685 2140 discrepantiam.
739 2061 781 2124 Et
814 2060 847 2123 in
871 2061 1074 2124 carminibus
1097 2062 1291 2125 christianis

182 2197 203 2243 a
235 2182 357 2259 quarto
391 2177 445 2242 vel
478 2178 665 2258 posteriore
701 2177 824 2241 saeculo
848 2178 996 2242 oriundis
1020 2182 1203 2243 concentus
1227 2179 1290 2259 ille,

182 2297 310 2377 dequo
334 2295 527 2377 quaerimus
547 2295 617 2374 Jam
641 2295 702 2358 sibi
727 2298 873 2360 constat.

266 2413 363 2477 Certe
400 2412 501 2492 igitur
541 2412 815 2476 demonstratum
852 2415 907 2477 est
949 2415 984 2476 et
1028 2412 1060 2476 in
1098 2413 1290 2492 septenario

182 2531 350 2595 trochaico
372 2530 406 2594 in
429 2530 499 2593 dies
519 2529 560 2592 ad
577 2529 739 2610 majorem
757 2533 957 2610 perventum
974 2547 1051 2594 esse
1068 2530 1289 2594 concordiam.

265 2649 515 2714 Hexametrum
539 2650 655 2711 autem
679 2646 707 2710 si
729 2647 937 2727 inspicimus
961 2648 1088 2711 latinus
1104 2664 1291 2727 graecorum

139 2838 145 2850 ,
182 2767 251 2831 fere
283 2783 320 2830 se
353 2768 498 2847 praestat
527 2764 745 2828 simillimum.
800 2765 888 2829 Nam
917 2768 1002 2845 (pag.
1025 2766 1098 2837 960)
1121 2765 1163 2827 ab
1187 2768 1291 2829 aetate

182 2884 286 2951 Ennii.
312 2884 354 2947 ad
388 2882 608 2947 Claudianum
633 2881 917 2962 quemadmodum
941 2881 1002 2945 sibi
1027 2885 1165 2945 constat
1187 2883 1291 2946 tertia

182 3002 251 3067 iere
281 3004 379 3082 parte
409 2999 592 3078 discordiae,
616 2999 665 3063 ita
688 2999 924 3079 discrepantiae
946 3016 1129 3079 gracorum
1155 2999 1290 3063 tantillo

184 3119 381 3199 succumbit,
410 3121 450 3182 ut
480 3118 512 3181 in
535 3120 636 3181 tanta
659 3116 878 3180 similitudine
900 3120 935 3180 et
958 3116 1162 3193 constantia,
1188 3133 1290 3196 quam

182 3238 325 3318 quisque
348 3254 417 3317 prae
441 3253 477 3299 se
500 3235 566 3299 fert
588 3235 702 3298 exitus
726 3234 907 3298 latinorum
924 3235 1201 3298 hexametrorum
1217 3251 1291 3297 con·

182 3354 303 3419 cordiae
335 3353 391 3432 illi,
425 3371 527 3433 quarn
561 3352 754 3432 quaerimus,
789 3352 915 3432 optime
948 3351 1132 3430 faventem,
1167 3351 1290 3413 mirum

182 3489 259 3537 esse
282 3471 440 3535 videatur
463 3472 625 3535 maiorem
648 3471 734 3533 hanc
757 3487 822 3534 non
846 3486 923 3533 esse
945 3469 1166 3532 concordiam.

266 3589 448 3653 Rationem
461 3606 539 3669 ergo
552 3588 728 3652 Ritsohelii
744 3591 814 3651 tres
831 3586 936 3651 fuisse
952 3586 1076 3667 gradus
1093 3585 1292 3663 statuentis

183 3725 242 3787 per
270 3724 354 3787 quos
381 3707 424 3770 ab
449 3705 657 3769 amicissima
679 3710 840 3769 accentus
864 3704 1137 3785 quantitatisque
1159 3702 1178 3765 i.
1202 3719 1229 3764 e.
1252 3701 1292 3765 ic·

183 3830 252 3901 tus,
276 3824 331 3906 qui
355 3824 488 3905 quidem
512 3824 554 3886 ab
578 3823 634 3886 illa
657 3823 827 3903 penderet,
849 3822 1025 3885 concordia
1049 3821 1174 3884 sensim
1198 3819 1293 3900 pede·

183 3943 408 4023 temptirnque
431 3943 472 4006 ad
496 3958 667 4004 summam
691 3940 953 4020 discrepantiam
976 3940 1217 4020 perveniretur,
1241 3936 1292 3999 de·

183 4061 283 4142 nique
315 4061 357 4124 ad
391 4061 621 4142 quantitatem
653 4060 762 4124 solam
796 4060 999 4139 spectatam,
1037 4076 1139 4138 quum
1174 4059 1292 4120 contra
