2834 4596
1179 273 1221 335 35

235 441 471 521 quantitatem
494 456 574 503 vero
597 438 625 501 si
648 441 784 520 spectat
802 442 963 503 accentus
978 439 997 502 i.
1014 455 1041 502 e.
1057 437 1261 504 alterutrum

152 562 287 623 tanturn
312 574 418 637 genus
440 556 650 636 syllabarum
673 556 804 636 quaerit,
827 556 935 635 longae
957 559 1136 621 accentum
1158 559 1262 621 attra-

153 676 230 739 here
253 676 414 754 possunt:
444 676 518 736 tum
541 676 658 737 censet
680 673 825 737 Meierus
847 673 936 736 ictus
958 690 1092 755 semper
1114 692 1190 738 cum
1213 692 1262 738 ac·

150 795 253 856 centu
275 795 372 854 coeat
395 807 532 854 necesse
554 807 640 854 esse.
685 790 779 871 Quod
803 789 927 854 falsum
950 807 1027 862 esse
1049 808 1092 854 ex
1114 791 1177 856 boo
1196 809 1262 857 uno

150 909 366 988 intelligitur:
400 907 582 971 fbrtdnam.
643 907 770 986 Utique
805 911 1017 987 postremum
1051 908 1261 973 concordiam

151 1026 312 1105 majorem
336 1024 490 1103 evadere,
514 1024 540 1086 si
565 1041 632 1104 qua
654 1023 687 1087 in
710 1024 824 1104 lingua
845 1026 1007 1088 accentus
1030 1023 1149 1105 longas
1165 1024 1263 1105 sylla·

151 1143 214 1207 bas
237 1143 403 1222 praecipue
427 1141 542 1221 cupiat
564 1140 725 1220 obtinere,
749 1158 851 1220 quam
875 1141 901 1204 si
920 1157 961 1205 ne
976 1141 1114 1206 minime
1128 1142 1264 1222 quidem

150 1259 394 1340 longitudinem
417 1262 523 1338 curet,
545 1257 729 1322 verisimile
751 1274 828 1322 esse
855 1257 1032 1322 concludit.
1078 1259 1122 1322 Et
1145 1258 1264 1340 longas

151 1381 289 1442 tantum
314 1376 494 1441 dummodo
514 1378 646 1455 quaerat
668 1375 768 1453 ictus,
792 1374 855 1439 hoc
878 1375 958 1439 mihi
981 1392 1114 1456 quoque
1129 1393 1264 1440 consen·

152 1497 291 1559 taneum
315 1511 392 1558 esse
414 1493 567 1571 videtum
591 1492 650 1557 sed
666 1509 708 1556 ne
724 1492 818 1556 sinas
833 1509 851 1556 e
866 1492 1098 1558 recordatione
1113 1494 1266 1559 excidere

154 1613 331 1692 longarum
365 1612 563 1676 ultimarum
598 1610 750 1675 obtinere
776 1627 878 1690 posse
906 1614 1082 1674 accentum
1106 1628 1265 1692 magnam

153 1729 407 1793 multitudinem
436 1728 525 1808 apud
555 1745 694 1808 graece,
718 1728 858 1808 ideoque
881 1728 992 1791 minus
1015 1727 1161 1808 intersit,
1184 1744 1265 1793 num

152 1847 317 1927 maiorem
340 1846 509 1926 quoddam
533 1863 709 1910 numerum
734 1844 975 1910 vocabulorum
996 1846 1132 1926 longam
1147 1863 1266 1911 acuen-

152 1963 239 2028 tium
272 1963 505 2045 paenultimam
540 1964 726 2027 ostendant
757 1963 862 2042 latini,
886 1980 971 2027 neve
994 1963 1176 2028 obliviscas
1199 1979 1266 2028 non

152 2081 280 2145 minore
314 2081 383 2145 fere
416 2098 531 2145 amore
564 2081 670 2145 ictum
703 2080 792 2161 apud
819 2081 965 2145 comicos
987 2081 1122 2165 quidem
1144 2082 1266 2146 breves

152 2198 257 2264 etiam
282 2199 434 2279 syllabas
457 2196 644 2279 quaer·ere.*)
687 2199 775 2263 Nam
799 2216 865 2262 non
888 2197 1084 2279 plusquam
1100 2217 1190 2263 unus
1205 2216 1266 2280 pes

220 2383 240 2445 ⁸)
263 2379 305 2434 At
331 2379 408 2434 enim
431 2378 650 2433 ratiocinatione
672 2378 885 2447 simplicissima
905 2394 964 2434 non
984 2380 1046 2434 tam
1066 2393 1143 2448 saepe
1164 2380 1267 2433 breves

153 2496 242 2550 quam
268 2480 370 2547 longas
396 2480 456 2534 ictu
483 2479 615 2547 occupari
641 2479 768 2547 syllabas
794 2479 965 2534 facillimum
990 2481 1037 2534 est
1060 2480 1267 2534 demonstrare.

153 2583 218 2638 Hoc
236 2597 335 2637 verum
356 2583 415 2649 est;
441 2582 492 2636 sed
516 2596 604 2650 supra
620 2582 675 2635 hoc
693 2596 753 2636 non
770 2581 860 2635 statui
878 2581 979 2648 longas
997 2580 1124 2649 syllabas
1141 2596 1200 2636 non
1218 2595 1268 2635 sae·

155 2685 222 2752 pius
247 2683 307 2736 ictu
332 2684 472 2752 occupari,
498 2683 549 2738 sed
575 2684 694 2737 tantum
720 2682 822 2736 eodem
847 2681 907 2736 iere
933 2696 1031 2736 amore
1049 2682 1139 2749 quaen·
1157 2684 1267 2738 breves.

156 2785 277 2840 Constat
293 2785 431 2840 nimirum
449 2785 578 2852 pluribus
595 2784 665 2838 locis
683 2784 713 2837 in
726 2798 812 2838 versu
824 2784 916 2838 ictum
928 2783 1156 2852 longitudinibus
1168 2785 1267 2853 recipi:

156 2887 298 2954 quomodo
316 2889 382 2940 tum
399 2887 478 2941 recte
495 2885 654 2940 statuimus
672 2899 754 2952 aequo
767 2885 1006 2940 libenterbreves
1018 2899 1051 2940 ac
1063 2885 1165 2953 longas
1176 2886 1266 2940 ictum

155 2989 304 3056 quaerere?

222 3089 456 3155 Haudquaquam
480 3088 587 3142 mirum
612 3088 665 3152 ost,
686 3087 711 3141 si
737 3086 870 3141 brevium
895 3087 1039 3141 minorem
1057 3102 1212 3142 numerum
1230 3101 1269 3142 re

156 3190 258 3258 perias,
276 3203 349 3256 quas
366 3189 442 3242 ictus
460 3187 644 3256 occupaverit
650 3203 657 3255 ;
676 3202 743 3241 nam

226 3293 253 3354 a)
278 3289 394 3344 etiamsi
413 3288 539 3343 eundem
556 3302 712 3341 numerum
730 3289 848 3354 aequant
865 3289 896 3341 et
913 3286 1007 3353 longae
1025 3287 1145 3355 syllabae
1163 3289 1193 3342 et
1210 3289 1268 3343 bre·

156 3405 217 3456 ree,
236 3390 321 3457 quod,
340 3391 374 3443 ut
392 3389 486 3457 paullo
504 3387 579 3443 infra
596 3387 766 3454 videbimus,
778 3402 962 3454 nequaquam
975 3388 1105 3441 statuere
1117 3387 1193 3448 licat.
1211 3403 1270 3443 non

155 3494 218 3546 tam
231 3505 313 3558 saepe
332 3490 427 3544 brevis
444 3503 532 3556 qnam
551 3488 637 3556 longa
655 3488 724 3543 ictui
737 3488 841 3543 idonea
853 3487 986 3542 occurrit.
1013 3487 1178 3554 Longarum
1191 3488 1270 3543 enim

155 3593 235 3647 nulla
252 3591 311 3646 iore
329 3606 388 3645 non
406 3592 502 3659 potest
520 3591 611 3645 ictum
629 3590 769 3657 recipere;
794 3590 897 3643 breves
915 3588 994 3642 nullo
1012 3588 1098 3642 modo
1116 3589 1171 3643 nisi
1189 3589 1269 3643 brevi

156 3694 297 3760 sequente
323 3692 415 3746 ictum
441 3691 609 3745 admittunt.
653 3691 808 3758 Propterea
833 3703 872 3744 ox
897 3690 1030 3743 brevibus
1051 3689 1178 3757 syllabis,
1204 3704 1270 3756 quaa

156 3794 239 3848 initio
266 3793 346 3847 verbi
372 3792 419 3845 vel
445 3793 521 3845 intra
547 3792 667 3845 verbum
695 3790 797 3858 positae
823 3791 901 3856 sunt,
927 3803 1033 3856 magna
1052 3789 1098 3843 vel
1115 3789 1219 3857 potius,
1237 3792 1271 3844 ut

157 3894 268 3959 eadem,
287 3908 344 3961 qua
361 3895 455 3958 antea,
474 3893 593 3945 utamur
614 3891 734 3957 ratione,
760 3890 878 3944 dimidia
895 3889 955 3944 fere
972 3904 1039 3957 pars
1056 3889 1142 3956 longa
1159 3889 1271 3958 syllaba

157 3995 302 4062 excipitur
326 3994 447 4059 ideoque
471 3992 562 4046 ictum
583 3991 701 4059 respuit.
736 3990 773 4044 Et
790 3991 893 4044 breves
910 3989 1031 4055 ultimae,
1049 4003 1122 4056 quas
1140 3986 1271 4042 crederes

157 4096 193 4149 ad
220 4095 311 4148 ictum
338 4091 534 4161 recipiendum
561 4092 736 4159 aptissimae,
764 4093 798 4144 ut
823 4091 901 4154 sunt,
919 4089 1065 4144 rarissime
1083 4090 1142 4142 ictu
1161 4090 1271 4143 notatae
