2834 4596
210 260 230 323 2

169 443 236 490 non
253 426 363 489 minus
377 443 478 506 quam
491 426 525 489 in
538 425 758 506 ’percontari',
775 428 831 491 ubi
847 429 1080 508 paenultimam
1097 428 1276 509 syllabam,

169 559 375 623 quamquam
406 545 584 607 accentum
611 545 723 622 habet,
747 545 834 609 ictus
857 547 973 609 tamen
996 519 1161 610 intactam
1184 546 1277 609 reliu-

168 660 251 740 quit.
296 659 392 740 Saepe
414 660 517 740 igitur
539 666 713 724 accentum
735 661 946 725 inveniebam
963 680 1040 725 cum
1056 663 1125 726 ictu
1141 681 1276 743 congru·

167 779 296 856 entem;
330 776 500 840 interdum
531 780 647 841 autem
673 778 837 842 annotavi
864 796 1036 842 summam
1058 780 1190 844 illorum
1215 782 1276 844 dis-

169 893 394 973 crepantum
428 896 463 957 et
491 911 594 974 quum
623 895 789 974 praecipue
816 896 849 959 in
873 897 1095 975 quaestionem
1119 914 1275 961 vocarem

170 1011 257 1074 hanc
284 1010 548 1091 congruentiam,
578 1010 657 1073 mihi
684 1013 966 1091 perscrutandum
989 1029 1066 1075 esse
1087 1013 1275 1093 videbatur,

167 1131 285 1191 utrum
319 1127 371 1190 bic
404 1144 601 1206 consensus
635 1128 691 1191 ubi
719 1130 803 1207 erat,
829 1131 903 1192 arte
926 1130 1093 1209 quaesitus
1116 1134 1209 1194 esset
1232 1148 1274 1194 an

166 1243 340 1322 fortuitus
362 1248 478 1308 utrum
501 1261 521 1308 a
543 1244 723 1309 voluntate
746 1249 925 1326 poetarum
948 1263 991 1309 arr
1007 1246 1129 1326 linguae
1145 1247 1274 1328 legibus

166 1363 259 1427 osset
286 1361 469 1442 profectus,
499 1363 614 1426 utrum
643 1363 855 1427 extrinsecus
883 1365 1013 1443 petitus
1039 1381 1083 1428 an
1105 1365 1137 1428 in
1162 1366 1275 1445 lingua

165 1480 241 1560 ipsa
263 1479 370 1544 latina
391 1480 520 1543 inesset
542 1496 650 1560 neque
672 1484 791 1560 posset
814 1481 944 1544 evitari.

252 1598 359 1679 Quem
381 1614 586 1661 consensum
609 1598 681 1662 sive
704 1598 905 1662 credendum
934 1601 1008 1662 erat
1031 1603 1104 1663 arto
1127 1600 1274 1679 petitum

156 1704 187 1780 'a
210 1715 355 1794 66161616,
378 1714 459 1778 mihi
481 1718 746 1778 consentaneum
770 1733 845 1778 esso
868 1717 1065 1796 apparebat,
1088 1717 1274 1781 iuratione

165 1834 240 1915 ipsa
262 1833 385 1914 linguae
407 1832 522 1896 latinae
545 1832 671 1912 aliquid
694 1849 770 1896 esse
787 1833 963 1912 obstaculi,
980 1850 1021 1897 ne
1036 1834 1159 1914 ubique
1174 1835 1274 1914 respi-

166 1954 298 2016 ceretur
331 1953 501 2027 accentus
531 1950 604 2013 sive
630 1952 704 2014 erat
727 1950 916 2030 putandum
939 1950 1115 2015 fortuitum
1140 1969 1217 2015 esse
1239 1955 1274 2015 et

167 2069 293 2149 saepius
316 2068 557 2140 inevitabilem,
581 2084 716 2131 summa
739 2085 801 2148 ope
824 2068 903 2132 mihi
925 2068 1104 2133 videbatur
1126 2086 1273 2148 perscru-

164 2187 318 2267 tandum,
341 2204 497 2267 quaenam
519 2190 614 2250 esset
633 2203 736 2250 causa
755 2187 949 2251 concordiae.
995 2187 1067 2251 Aut
1083 2186 1171 2249 eninr
1187 2186 1271 2248 duas

164 2321 240 2370 esse
268 2305 369 2385 legeS,
401 2322 475 2385 quae
508 2305 541 2367 in
574 2304 730 2368 versibus
764 2304 924 2368 faciendis
959 2304 1034 2384 plus
1062 2303 1216 2367 valerent
1238 2306 1273 2366 et
1352 2288 1357 2294 Κ

164 2423 381 2487 vincerentur
402 2422 563 2501 vicissim,
587 2424 648 2487 aut
668 2439 782 2502 unam,
806 2423 847 2486 ad
873 2439 975 2502 quam
997 2422 1208 2485 revocandus
1225 2437 1272 2484 66·

164 2545 219 2607 set
251 2542 286 2606 ot
319 2557 504 2605 consensus
538 2543 573 2604 et
607 2541 842 2620 discrepantia.
898 2540 970 2618 Quo
1003 2538 1103 2601 modo
1131 2555 1273 2617 curaque

163 2662 266 2739 esset,
290 2676 360 2724 rem
385 2658 618 2739 dignissimam
640 2674 727 2736 esse,
751 2675 825 2738 quae
848 2656 1099 2737 disquireretur.

246 2780 335 2842 Dum
357 2777 459 2857 igitur
481 2777 608 2850 literae,
632 2795 707 2857 quae
730 2779 812 2839 sunt
835 2775 875 2839 de
897 2774 1019 2838 Plauto
1042 2792 1081 2837 ac
1106 2773 1272 2852 Terentio,

162 2896 335 2978 pervolvo,
380 2895 568 2960 Bentleium
603 2893 711 2974 priore
741 2893 813 2972 Jam
847 2892 970 2955 saeculo
996 2891 1107 2954 inveni
1142 2909 1272 2955 concor·

164 3014 254 3078 diam
286 3014 373 3077 hanc
402 3013 543 3077 eandem
572 3015 675 3091 atque
697 3026 751 3072 me
774 3009 963 3088 indagasse.
1008 3009 1272 3090 1116666616-

162 3131 238 3213 pius
272 3130 314 3194 ad
342 3133 460 3194 nostra
488 3132 644 3209 tempora
672 3127 874 3217 accederem,
897 3129 1070 3191 certamen
1092 3127 1182 3207 illud,
1206 3145 1272 3207 quo

163 3249 362 3314 Corssenius
393 3264 467 3311 cum
496 3245 680 3310 Ritschelio
708 3261 832 3308 manus
860 3245 1041 3322 conseruit,
1069 3245 1272 3324 1166111666-

162 3371 238 3431 tum
261 3367 342 3430 mihi
366 3383 442 3430 esse
461 3364 581 3445 potuit.
625 3363 752 3427 Postea
771 3366 888 3428 autem
905 3364 1036 3444 aliquot
1051 3362 1163 3425 inveni
1179 3359 1271 3421 disci·

161 3482 259 3565 pulos
283 3483 415 3547 illorum
439 3483 474 3544 et
497 3482 696 3561 sectatores,
720 3481 777 3560 qui
799 3481 886 3544 hunc
901 3485 963 3544 aut
978 3480 1070 3543 illum
1088 3477 1270 3557 soquentes

161 3601 331 3667 contraria
354 3600 586 3662 demonstrare
609 3599 829 3662 conabantur.

245 3719 345 3783 Haud
367 3717 520 3796 ineptum
544 3717 625 3780 mihi
648 3719 761 3782 visum
783 3721 838 3781 est
861 3721 896 3781 et
920 3716 1006 3780 satis
1029 3730 1108 3790 616,
1124 3712 1269 3792 primum

161 3837 277 3918 paucis
321 3852 593 3912 commemorare,
639 3836 716 3917 quid
751 3834 957 3915 disputarint
993 3830 1181 3896 doctissimi
1218 3830 1271 3892 ho·

160 3955 269 4020 mines
298 3954 338 4019 de
365 3953 496 4018 ratione
526 3957 686 4018 accentus
714 3954 879 4033 ictusque,
919 3968 1066 4032 quanam
1090 3950 1146 4014 via
1169 3965 1206 4011 66
1229 3947 1269 4011 ad

160 4072 261 4136 finem
286 4076 510 4152 perventuros
534 4089 611 4136 6666
634 4071 844 4150 crediderint,
872 4070 1016 4150 quidque
1039 4087 1074 4133 16
1097 4084 1179 4133 vora
1202 4066 1272 4128 siut
