<?xml version="1.0" encoding="UTF-8"?>
<!DOCTYPE html PUBLIC "-//W3C//DTD XHTML 1.0 Transitional//EN"
    "http://www.w3.org/TR/xhtml1/DTD/xhtml1-transitional.dtd">
<html xmlns="http://www.w3.org/1999/xhtml" xml:lang="en" lang="en">
 <head>
  <title>
</title>
<meta http-equiv="Content-Type" content="text/html;charset=utf-8" />
  <meta name='ocr-system' content='tesseract 3.04.00' />
  <meta name='ocr-capabilities' content='ocr_page ocr_carea ocr_par ocr_line ocrx_word'/>
</head>
<body>
  <div class='ocr_page' id='page_1' title='image "./consensusquipot00johagoog_0056.png"; bbox 0 0 2834 4596; ppageno 0'>
   <div class='ocr_carea' id='block_1_1' title="bbox 1147 264 1186 327">
    <p class='ocr_par' dir='ltr' id='par_1_1' title="bbox 1147 264 1186 327">
     <span class='ocr_line' id='line_1_1' title="bbox 1147 264 1186 327; baseline 0.026 -1"><span class='ocrx_word' id='word_1_1' title='bbox 1147 264 1186 327; x_wconf 79' lang='grc'>47</span> 
     </span>
    </p>
   </div>
   <div class='ocr_carea' id='block_1_2' title="bbox 74 429 1268 4151">
    <p class='ocr_par' dir='ltr' id='par_1_2' title="bbox 118 429 1228 633">
     <span class='ocr_line' id='line_1_2' title="bbox 118 429 1228 509; baseline -0.005 -11"><span class='ocrx_word' id='word_1_2' title='bbox 118 432 238 498; x_wconf 88' lang='lat' dir='ltr'>Melius</span> <span class='ocrx_word' id='word_1_3' title='bbox 274 429 425 494; x_wconf 82' lang='lat' dir='ltr'>forsasse</span> <span class='ocrx_word' id='word_1_4' title='bbox 459 447 560 509; x_wconf 88' lang='lat' dir='ltr'>quam</span> <span class='ocrx_word' id='word_1_5' title='bbox 593 429 752 507; x_wconf 82' lang='lat' dir='ltr'>Meierus3</span> <span class='ocrx_word' id='word_1_6' title='bbox 796 446 876 493; x_wconf 91' lang='lat' dir='ltr'>nam</span> <span class='ocrx_word' id='word_1_7' title='bbox 910 430 1039 495; x_wconf 91' lang='lat' dir='ltr'>nullam</span> <span class='ocrx_word' id='word_1_8' title='bbox 1073 429 1142 493; x_wconf 84' lang='lat' dir='ltr'>iere</span> <span class='ocrx_word' id='word_1_9' title='bbox 1175 446 1228 493; x_wconf 86' lang='lat' dir='ltr'>ex·</span> 
     </span>
     <span class='ocr_line' id='line_1_3' title="bbox 118 548 319 633; baseline -0.025 -17"><span class='ocrx_word' id='word_1_10' title='bbox 118 553 233 633; x_wconf 78' lang='lat' dir='ltr'>posuit</span> <span class='ocrx_word' id='word_1_11' title='bbox 256 548 319 612; x_wconf 89' lang='lat' dir='ltr'>ille.</span> 
     </span>
    </p>

    <p class='ocr_par' dir='ltr' id='par_1_3' title="bbox 118 663 1229 866">
     <span class='ocr_line' id='line_1_4' title="bbox 201 663 1229 743; baseline -0.007 -10"><span class='ocrx_word' id='word_1_12' title='bbox 201 667 336 743; x_wconf 84' lang='lat' dir='ltr'>Restat,</span> <span class='ocrx_word' id='word_1_13' title='bbox 359 667 398 728; x_wconf 90' lang='lat' dir='ltr'>ut</span> <span class='ocrx_word' id='word_1_14' title='bbox 420 663 467 726; x_wconf 88' lang='lat' dir='ltr'>illi</span> <span class='ocrx_word' id='word_1_15' title='bbox 484 663 645 727; x_wconf 90' lang='lat' dir='ltr'>nonnulla</span> <span class='ocrx_word' id='word_1_16' title='bbox 661 663 701 728; x_wconf 86' lang='lat' dir='ltr'>de</span> <span class='ocrx_word' id='word_1_17' title='bbox 718 663 780 726; x_wconf 82' lang='lat' dir='ltr'>hae</span> <span class='ocrx_word' id='word_1_18' title='bbox 795 663 867 743; x_wconf 88' lang='lat' dir='ltr'>lege</span> <span class='ocrx_word' id='word_1_19' title='bbox 882 664 1104 743; x_wconf 76' lang='lat' dir='ltr'>interroganti</span> <span class='ocrx_word' id='word_1_20' title='bbox 1120 679 1229 743; x_wconf 86' lang='lat' dir='ltr'>pauca</span> 
     </span>
     <span class='ocr_line' id='line_1_5' title="bbox 118 785 415 866; baseline -0.017 -15"><span class='ocrx_word' id='word_1_21' title='bbox 118 785 351 866; x_wconf 80' lang='lat' dir='ltr'>respondeam.</span> <span class='ocrx_word' id='word_1_22' title='bbox 413 797 415 801; x_wconf 86' lang='lat'>·</span> 
     </span>
    </p>

    <p class='ocr_par' dir='ltr' id='par_1_4' title="bbox 74 897 1268 2626">
     <span class='ocr_line' id='line_1_6' title="bbox 203 897 1227 982; baseline -0.005 -17"><span class='ocrx_word' id='word_1_23' title='bbox 203 901 311 982; x_wconf 75' lang='lat' dir='ltr'>Quare</span> <span class='ocrx_word' id='word_1_24' title='bbox 333 900 434 980; x_wconf 80' lang='lat' dir='ltr'>igitur</span> <span class='ocrx_word' id='word_1_25' title='bbox 457 899 488 961; x_wconf 94' lang='lat' dir='ltr'>in</span> <span class='ocrx_word' id='word_1_26' title='bbox 514 899 646 962; x_wconf 86' lang='lat' dir='ltr'>senario</span> <span class='ocrx_word' id='word_1_27' title='bbox 667 897 812 978; x_wconf 79' lang='lat' dir='ltr'>¹jambioo</span> <span class='ocrx_word' id='word_1_28' title='bbox 836 897 1019 978; x_wconf 78' lang='lat' dir='ltr'>spondiaco</span> <span class='ocrx_word' id='word_1_29' title='bbox 1043 897 1146 960; x_wconf 88' lang='lat' dir='ltr'>verba</span> <span class='ocrx_word' id='word_1_30' title='bbox 1169 897 1227 974; x_wconf 88' lang='lat' dir='ltr'>ita,</span> 
     </span>
     <span class='ocr_line' id='line_1_7' title="bbox 74 1012 1228 1095; baseline -0.006 -12"><span class='ocrx_word' id='word_1_31' title='bbox 74 1012 86 1026; x_wconf 80' lang='lat'><em>&#39;</em></span> <span class='ocrx_word' id='word_1_32' title='bbox 121 1023 159 1083; x_wconf 90' lang='lat' dir='ltr'>ut</span> <span class='ocrx_word' id='word_1_33' title='bbox 192 1036 267 1082; x_wconf 88' lang='lat' dir='ltr'>curn</span> <span class='ocrx_word' id='word_1_34' title='bbox 300 1017 404 1081; x_wconf 85' lang='lat' dir='ltr'>verbo</span> <span class='ocrx_word' id='word_1_35' title='bbox 438 1015 542 1079; x_wconf 90' lang='lat' dir='ltr'>etiam</span> <span class='ocrx_word' id='word_1_36' title='bbox 576 1032 637 1095; x_wconf 89' lang='lat' dir='ltr'>pes</span> <span class='ocrx_word' id='word_1_37' title='bbox 660 1015 822 1094; x_wconf 77' lang='lat' dir='ltr'>finiretur,</span> <span class='ocrx_word' id='word_1_38' title='bbox 845 1016 878 1078; x_wconf 91' lang='lat' dir='ltr'>in</span> <span class='ocrx_word' id='word_1_39' title='bbox 902 1015 1046 1095; x_wconf 90' lang='lat' dir='ltr'>primum</span> <span class='ocrx_word' id='word_1_40' title='bbox 1071 1013 1170 1077; x_wconf 94' lang='lat' dir='ltr'>modo</span> <span class='ocrx_word' id='word_1_41' title='bbox 1193 1015 1228 1076; x_wconf 89' lang='lat' dir='ltr'>et</span> 
     </span>
     <span class='ocr_line' id='line_1_8' title="bbox 119 1128 1228 1216; baseline -0.005 -18"><span class='ocrx_word' id='word_1_42' title='bbox 119 1135 274 1216; x_wconf 86' lang='lat' dir='ltr'>quintum</span> <span class='ocrx_word' id='word_1_43' title='bbox 307 1133 425 1212; x_wconf 88' lang='lat' dir='ltr'>pedem</span> <span class='ocrx_word' id='word_1_44' title='bbox 459 1131 658 1196; x_wconf 74' lang='lat' dir='ltr'>admiserint</span> <span class='ocrx_word' id='word_1_45' title='bbox 686 1133 811 1211; x_wconf 83' lang='lat' dir='ltr'>comici,</span> <span class='ocrx_word' id='word_1_46' title='bbox 839 1149 913 1212; x_wconf 88' lang='lat' dir='ltr'>pag.</span> <span class='ocrx_word' id='word_1_47' title='bbox 939 1133 978 1195; x_wconf 87' lang='grc'>16</span> <span class='ocrx_word' id='word_1_48' title='bbox 1000 1132 1129 1211; x_wconf 82' lang='lat' dir='ltr'>quaerit.</span> <span class='ocrx_word' id='word_1_49' title='bbox 1174 1128 1228 1193; x_wconf 84' lang='lat' dir='ltr'>Ad</span> 
     </span>
     <span class='ocr_line' id='line_1_9' title="bbox 118 1246 1229 1330; baseline -0.005 -14"><span class='ocrx_word' id='word_1_50' title='bbox 118 1254 182 1316; x_wconf 82' lang='lat' dir='ltr'>hou</span> <span class='ocrx_word' id='word_1_51' title='bbox 216 1250 296 1313; x_wconf 90' lang='lat' dir='ltr'>mibi</span> <span class='ocrx_word' id='word_1_52' title='bbox 329 1249 526 1313; x_wconf 80' lang='lat' dir='ltr'>facillimum</span> <span class='ocrx_word' id='word_1_53' title='bbox 555 1249 688 1313; x_wconf 89' lang='lat' dir='ltr'>videtur</span> <span class='ocrx_word' id='word_1_54' title='bbox 712 1249 930 1330; x_wconf 87' lang='lat' dir='ltr'>respondere:</span> <span class='ocrx_word' id='word_1_55' title='bbox 965 1266 1006 1312; x_wconf 90' lang='lat' dir='ltr'>ne</span> <span class='ocrx_word' id='word_1_56' title='bbox 1030 1248 1130 1313; x_wconf 91' lang='lat' dir='ltr'>nimis</span> <span class='ocrx_word' id='word_1_57' title='bbox 1152 1246 1229 1311; x_wconf 88' lang='lat' dir='ltr'>inde</span> 
     </span>
     <span class='ocr_line' id='line_1_10' title="bbox 118 1366 1228 1447; baseline -0.005 -14"><span class='ocrx_word' id='word_1_58' title='bbox 118 1370 161 1433; x_wconf 91' lang='lat' dir='ltr'>ab</span> <span class='ocrx_word' id='word_1_59' title='bbox 190 1368 285 1432; x_wconf 89' lang='lat' dir='ltr'>initio</span> <span class='ocrx_word' id='word_1_60' title='bbox 313 1367 346 1430; x_wconf 90' lang='lat' dir='ltr'>in</span> <span class='ocrx_word' id='word_1_61' title='bbox 376 1384 476 1430; x_wconf 85' lang='lat' dir='ltr'>aures</span> <span class='ocrx_word' id='word_1_62' title='bbox 504 1373 680 1446; x_wconf 86' lang='lat' dir='ltr'>tamquam</span> <span class='ocrx_word' id='word_1_63' title='bbox 714 1367 810 1446; x_wconf 87' lang='lat' dir='ltr'>pedis</span> <span class='ocrx_word' id='word_1_64' title='bbox 833 1366 1050 1447; x_wconf 86' lang='lat' dir='ltr'>supplosione</span> <span class='ocrx_word' id='word_1_65' title='bbox 1072 1367 1106 1429; x_wconf 94' lang='lat' dir='ltr'>in</span> <span class='ocrx_word' id='word_1_66' title='bbox 1128 1382 1228 1430; x_wconf 90' lang='lat' dir='ltr'>aures</span> 
     </span>
     <span class='ocr_line' id='line_1_11' title="bbox 120 1483 1228 1559; baseline -0.005 -9"><span class='ocrx_word' id='word_1_67' title='bbox 120 1502 281 1550; x_wconf 88' lang='lat' dir='ltr'>numerus</span> <span class='ocrx_word' id='word_1_68' title='bbox 315 1501 478 1548; x_wconf 88' lang='lat' dir='ltr'>versuum</span> <span class='ocrx_word' id='word_1_69' title='bbox 506 1486 541 1546; x_wconf 90' lang='lat' dir='ltr'>et</span> <span class='ocrx_word' id='word_1_70' title='bbox 568 1484 690 1547; x_wconf 92' lang='lat' dir='ltr'>modus</span> <span class='ocrx_word' id='word_1_71' title='bbox 712 1485 947 1559; x_wconf 75' lang='lat' dir='ltr'>inculcaretur,</span> <span class='ocrx_word' id='word_1_72' title='bbox 971 1488 1006 1548; x_wconf 89' lang='lat' dir='ltr'>et</span> <span class='ocrx_word' id='word_1_73' title='bbox 1029 1483 1228 1547; x_wconf 84' lang='lat' dir='ltr'>variationis</span> 
     </span>
     <span class='ocr_line' id='line_1_12' title="bbox 121 1599 1228 1684; baseline -0.003 -18"><span class='ocrx_word' id='word_1_74' title='bbox 121 1603 293 1684; x_wconf 81' lang='lat' dir='ltr'>eujusdam</span> <span class='ocrx_word' id='word_1_75' title='bbox 323 1618 427 1665; x_wconf 82' lang='lat' dir='ltr'>causa</span> <span class='ocrx_word' id='word_1_76' title='bbox 455 1601 488 1664; x_wconf 94' lang='lat' dir='ltr'>in</span> <span class='ocrx_word' id='word_1_77' title='bbox 511 1601 655 1680; x_wconf 89' lang='lat' dir='ltr'>primum</span> <span class='ocrx_word' id='word_1_78' title='bbox 680 1602 788 1665; x_wconf 84' lang='lat' dir='ltr'>looum</span> <span class='ocrx_word' id='word_1_79' title='bbox 813 1603 917 1666; x_wconf 86' lang='lat' dir='ltr'>etiam</span> <span class='ocrx_word' id='word_1_80' title='bbox 940 1619 1051 1679; x_wconf 74' lang='lat' dir='ltr'>voces</span> <span class='ocrx_word' id='word_1_81' title='bbox 1075 1617 1150 1680; x_wconf 89' lang='lat' dir='ltr'>quae</span> <span class='ocrx_word' id='word_1_82' title='bbox 1173 1599 1228 1663; x_wconf 90' lang='lat' dir='ltr'>ali·</span> 
     </span>
     <span class='ocr_line' id='line_1_13' title="bbox 120 1717 1228 1799; baseline -0.002 -15"><span class='ocrx_word' id='word_1_83' title='bbox 120 1721 207 1784; x_wconf 94' lang='lat' dir='ltr'>unde</span> <span class='ocrx_word' id='word_1_84' title='bbox 237 1723 335 1783; x_wconf 88' lang='lat' dir='ltr'>erant</span> <span class='ocrx_word' id='word_1_85' title='bbox 363 1719 520 1798; x_wconf 80' lang='lat' dir='ltr'>exclusae,</span> <span class='ocrx_word' id='word_1_86' title='bbox 547 1717 827 1798; x_wconf 80' lang='lat' dir='ltr'>admittebantur,</span> <span class='ocrx_word' id='word_1_87' title='bbox 851 1724 891 1783; x_wconf 87' lang='lat' dir='ltr'>ut</span> <span class='ocrx_word' id='word_1_88' title='bbox 911 1720 962 1783; x_wconf 83' lang='lat' dir='ltr'>hae</span> <span class='ocrx_word' id='word_1_89' title='bbox 985 1719 1113 1799; x_wconf 83' lang='lat' dir='ltr'>figurae:</span> <span class='ocrx_word' id='word_1_90' title='bbox 1135 1784 1228 1791; x_wconf 57' lang='grc'>,-</span> 
     </span>
     <span class='ocr_line' id='line_1_14' title="bbox 119 1835 1227 1917; baseline 0.006 -23"><span class='ocrx_word' id='word_1_91' title='bbox 119 1889 160 1894; x_wconf 70' lang='grc'>,.</span> <span class='ocrx_word' id='word_1_92' title='bbox 172 1887 211 1914; x_wconf 51' lang='grc' dir='ltr'><strong>υ</strong></span> <span class='ocrx_word' id='word_1_93' title='bbox 227 1835 238 1917; x_wconf 75' lang='lat' dir='ltr'>ll</span> <span class='ocrx_word' id='word_1_94' title='bbox 255 1884 295 1913; x_wconf 44' lang='grc' dir='ltr'>ψ</span> <span class='ocrx_word' id='word_1_95' title='bbox 338 1881 379 1910; x_wconf 50' lang='grc' dir='ltr'><strong>υ</strong></span> <span class='ocrx_word' id='word_1_96' title='bbox 391 1885 431 1913; x_wconf 50' lang='grc' dir='ltr'><strong>υ</strong></span> <span class='ocrx_word' id='word_1_97' title='bbox 578 1881 620 1911; x_wconf 51' lang='grc' dir='ltr'><strong>υ</strong></span> <span class='ocrx_word' id='word_1_98' title='bbox 631 1857 685 1916; x_wconf 61' lang='grc' dir='ltr'>υ;</span> <span class='ocrx_word' id='word_1_99' title='bbox 709 1853 748 1900; x_wconf 90' lang='lat' dir='ltr'>eo</span> <span class='ocrx_word' id='word_1_100' title='bbox 772 1836 866 1916; x_wconf 86' lang='lat' dir='ltr'>pedis</span> <span class='ocrx_word' id='word_1_101' title='bbox 883 1837 971 1901; x_wconf 84' lang='lat' dir='ltr'>illius</span> <span class='ocrx_word' id='word_1_102' title='bbox 988 1836 1122 1900; x_wconf 84' lang='lat' dir='ltr'>lieentia</span> <span class='ocrx_word' id='word_1_103' title='bbox 1136 1854 1227 1901; x_wconf 85' lang='lat' dir='ltr'>revo-</span> 
     </span>
     <span class='ocr_line' id='line_1_15' title="bbox 119 1954 1227 2035; baseline -0.004 -13"><span class='ocrx_word' id='word_1_104' title='bbox 119 1958 226 2022; x_wconf 87' lang='lat' dir='ltr'>canda</span> <span class='ocrx_word' id='word_1_105' title='bbox 249 1959 312 2020; x_wconf 89' lang='lat' dir='ltr'>est.</span> <span class='ocrx_word' id='word_1_106' title='bbox 358 1955 473 2034; x_wconf 85' lang='lat' dir='ltr'>Neque</span> <span class='ocrx_word' id='word_1_107' title='bbox 496 1955 673 2019; x_wconf 83' lang='lat' dir='ltr'>credamus</span> <span class='ocrx_word' id='word_1_108' title='bbox 696 1970 798 2019; x_wconf 84' lang='lat' dir='ltr'>voees</span> <span class='ocrx_word' id='word_1_109' title='bbox 820 1954 1006 2033; x_wconf 83' lang='lat' dir='ltr'>dactylioas</span> <span class='ocrx_word' id='word_1_110' title='bbox 1029 1972 1070 2019; x_wconf 86' lang='lat' dir='ltr'>ne</span> <span class='ocrx_word' id='word_1_111' title='bbox 1092 1954 1145 2018; x_wconf 86' lang='lat' dir='ltr'>hio</span> <span class='ocrx_word' id='word_1_112' title='bbox 1160 1955 1227 2035; x_wconf 88' lang='lat' dir='ltr'>qui·</span> 
     </span>
     <span class='ocr_line' id='line_1_16' title="bbox 120 2072 1227 2152; baseline -0.004 -12"><span class='ocrx_word' id='word_1_113' title='bbox 120 2076 195 2140; x_wconf 89' lang='lat' dir='ltr'>dem</span> <span class='ocrx_word' id='word_1_114' title='bbox 219 2075 308 2138; x_wconf 86' lang='lat' dir='ltr'>huno</span> <span class='ocrx_word' id='word_1_115' title='bbox 339 2074 443 2136; x_wconf 84' lang='lat' dir='ltr'>ictum</span> <span class='ocrx_word' id='word_1_116' title='bbox 471 2074 639 2152; x_wconf 79' lang='lat' dir='ltr'>recepisse</span> <span class='ocrx_word' id='word_1_117' title='bbox 664 2101 804 2150; x_wconf 40' lang='lat' dir='ltr'>*Q</span> <span class='ocrx_word' id='word_1_118' title='bbox 829 2088 937 2151; x_wconf 86' lang='lat' dir='ltr'>neque</span> <span class='ocrx_word' id='word_1_119' title='bbox 956 2072 1158 2152; x_wconf 86' lang='lat' dir='ltr'>spondiaoas</span> <span class='ocrx_word' id='word_1_120' title='bbox 1173 2073 1227 2137; x_wconf 89' lang='lat' dir='ltr'>vel</span> 
     </span>
     <span class='ocr_line' id='line_1_17' title="bbox 90 2185 1268 2270; baseline -0.001 -13"><span class='ocrx_word' id='word_1_121' title='bbox 90 2209 92 2213; x_wconf 56' lang='lat'><em>⁴</em></span> <span class='ocrx_word' id='word_1_122' title='bbox 119 2193 309 2258; x_wconf 83' lang='lat' dir='ltr'>trochaioas</span> <span class='ocrx_word' id='word_1_123' title='bbox 332 2191 420 2255; x_wconf 88' lang='lat' dir='ltr'>huno</span> <span class='ocrx_word' id='word_1_124' title='bbox 445 2219 536 2251; x_wconf 45' lang='grc' dir='ltr'>-Λ,</span> <span class='ocrx_word' id='word_1_125' title='bbox 562 2190 616 2254; x_wconf 88' lang='lat' dir='ltr'>vel</span> <span class='ocrx_word' id='word_1_126' title='bbox 639 2191 727 2255; x_wconf 85' lang='lat' dir='ltr'>hunc</span> <span class='ocrx_word' id='word_1_127' title='bbox 751 2244 790 2249; x_wconf 65' lang='grc'>-,</span> <span class='ocrx_word' id='word_1_128' title='bbox 802 2220 837 2267; x_wconf 35' lang='lat'>01</span> <span class='ocrx_word' id='word_1_129' title='bbox 857 2185 868 2267; x_wconf 80' lang='grc' dir='ltr'>Η</span> <span class='ocrx_word' id='word_1_130' title='bbox 885 2209 939 2266; x_wconf 56' lang='lat'>„3</span> <span class='ocrx_word' id='word_1_131' title='bbox 971 2190 1108 2254; x_wconf 89' lang='lat' dir='ltr'>minime</span> <span class='ocrx_word' id='word_1_132' title='bbox 1129 2207 1227 2270; x_wconf 89' lang='lat' dir='ltr'>ver0;</span> <span class='ocrx_word' id='word_1_133' title='bbox 1264 2250 1268 2256; x_wconf 88' lang='lat'><em>.</em></span> 
     </span>
     <span class='ocr_line' id='line_1_18' title="bbox 117 2308 1227 2390; baseline -0.003 -15"><span class='ocrx_word' id='word_1_134' title='bbox 117 2315 156 2375; x_wconf 91' lang='lat' dir='ltr'>ut</span> <span class='ocrx_word' id='word_1_135' title='bbox 185 2311 273 2374; x_wconf 85' lang='lat' dir='ltr'>enim</span> <span class='ocrx_word' id='word_1_136' title='bbox 307 2310 373 2373; x_wconf 80' lang='lat' dir='ltr'>fert</span> <span class='ocrx_word' id='word_1_137' title='bbox 407 2314 530 2374; x_wconf 88' lang='lat' dir='ltr'>natura</span> <span class='ocrx_word' id='word_1_138' title='bbox 562 2314 597 2374; x_wconf 86' lang='lat' dir='ltr'>et</span> <span class='ocrx_word' id='word_1_139' title='bbox 620 2327 705 2373; x_wconf 86' lang='lat' dir='ltr'>usus</span> <span class='ocrx_word' id='word_1_140' title='bbox 728 2310 956 2390; x_wconf 71' lang='lat' dir='ltr'>quotidianus</span> <span class='ocrx_word' id='word_1_141' title='bbox 981 2308 1126 2371; x_wconf 88' lang='lat' dir='ltr'>naturali</span> <span class='ocrx_word' id='word_1_142' title='bbox 1149 2325 1227 2388; x_wconf 90' lang='lat' dir='ltr'>quo·</span> 
     </span>
     <span class='ocr_line' id='line_1_19' title="bbox 118 2425 1225 2507; baseline -0.001 -17"><span class='ocrx_word' id='word_1_143' title='bbox 118 2428 195 2491; x_wconf 88' lang='lat' dir='ltr'>dam</span> <span class='ocrx_word' id='word_1_144' title='bbox 230 2445 313 2492; x_wconf 85' lang='lat' dir='ltr'>sono</span> <span class='ocrx_word' id='word_1_145' title='bbox 347 2429 544 2507; x_wconf 84' lang='lat' dir='ltr'>pervenisse</span> <span class='ocrx_word' id='word_1_146' title='bbox 576 2428 617 2491; x_wconf 90' lang='lat' dir='ltr'>ad</span> <span class='ocrx_word' id='word_1_147' title='bbox 641 2445 741 2493; x_wconf 86' lang='lat' dir='ltr'>aures</span> <span class='ocrx_word' id='word_1_148' title='bbox 765 2429 827 2491; x_wconf 88' lang='lat' dir='ltr'>has</span> <span class='ocrx_word' id='word_1_149' title='bbox 849 2427 975 2506; x_wconf 84' lang='lat' dir='ltr'>figuras</span> <span class='ocrx_word' id='word_1_150' title='bbox 998 2425 1225 2504; x_wconf 77' lang='lat' dir='ltr'>conjiciamus.</span> 
     </span>
     <span class='ocr_line' id='line_1_20' title="bbox 118 2546 1183 2626; baseline -0.002 -17"><span class='ocrx_word' id='word_1_151' title='bbox 118 2546 236 2609; x_wconf 79' lang='lat' dir='ltr'>Altero</span> <span class='ocrx_word' id='word_1_152' title='bbox 259 2546 394 2609; x_wconf 88' lang='lat' dir='ltr'>demum</span> <span class='ocrx_word' id='word_1_153' title='bbox 419 2546 502 2626; x_wconf 88' lang='lat' dir='ltr'>pede</span> <span class='ocrx_word' id='word_1_154' title='bbox 525 2547 566 2610; x_wconf 94' lang='lat' dir='ltr'>ad</span> <span class='ocrx_word' id='word_1_155' title='bbox 590 2564 708 2610; x_wconf 87' lang='lat' dir='ltr'>verum</span> <span class='ocrx_word' id='word_1_156' title='bbox 732 2562 910 2609; x_wconf 82' lang='lat' dir='ltr'>numerum</span> <span class='ocrx_word' id='word_1_157' title='bbox 933 2548 1073 2608; x_wconf 88' lang='lat' dir='ltr'>ventum</span> <span class='ocrx_word' id='word_1_158' title='bbox 1098 2561 1183 2608; x_wconf 86' lang='lat' dir='ltr'>esse.</span> 
     </span>
    </p>

    <p class='ocr_par' dir='ltr' id='par_1_5' title="bbox 116 2663 1225 3330">
     <span class='ocr_line' id='line_1_21' title="bbox 204 2663 1225 2744; baseline 0.002 -20"><span class='ocrx_word' id='word_1_159' title='bbox 204 2663 403 2744; x_wconf 87' lang='lat' dir='ltr'>Exemplum</span> <span class='ocrx_word' id='word_1_160' title='bbox 438 2667 476 2727; x_wconf 92' lang='lat' dir='ltr'>ut</span> <span class='ocrx_word' id='word_1_161' title='bbox 509 2683 529 2727; x_wconf 86' lang='lat' dir='ltr'>a</span> <span class='ocrx_word' id='word_1_162' title='bbox 562 2665 743 2727; x_wconf 81' lang='lat' dir='ltr'>vernacula</span> <span class='ocrx_word' id='word_1_163' title='bbox 766 2680 898 2743; x_wconf 86' lang='lat' dir='ltr'>quoque</span> <span class='ocrx_word' id='word_1_164' title='bbox 920 2663 1033 2743; x_wconf 81' lang='lat' dir='ltr'>lingua</span> <span class='ocrx_word' id='word_1_165' title='bbox 1056 2665 1225 2744; x_wconf 68' lang='lat' dir='ltr'>petamus</span> 
     </span>
     <span class='ocr_line' id='line_1_22' title="bbox 121 2779 1225 2859; baseline 0.003 -18"><span class='ocrx_word' id='word_1_166' title='bbox 121 2779 361 2858; x_wconf 83' lang='lat' dir='ltr'>Tegnerianum</span> <span class='ocrx_word' id='word_1_167' title='bbox 396 2781 475 2844; x_wconf 91' lang='lat' dir='ltr'>illud</span> <span class='ocrx_word' id='word_1_168' title='bbox 512 2781 606 2844; x_wconf 86' lang='lat' dir='ltr'>nobis</span> <span class='ocrx_word' id='word_1_169' title='bbox 640 2780 740 2844; x_wconf 79' lang='lat' dir='ltr'>libeat</span> <span class='ocrx_word' id='word_1_170' title='bbox 773 2797 931 2845; x_wconf 80' lang='lat' dir='ltr'>revocare</span> <span class='ocrx_word' id='word_1_171' title='bbox 960 2780 991 2842; x_wconf 91' lang='lat' dir='ltr'>in</span> <span class='ocrx_word' id='word_1_172' title='bbox 1016 2781 1225 2859; x_wconf 85' lang='lat' dir='ltr'>memoriam,</span> 
     </span>
     <span class='ocr_line' id='line_1_23' title="bbox 117 2895 1224 2978; baseline 0.002 -18"><span class='ocrx_word' id='word_1_173' title='bbox 117 2895 279 2960; x_wconf 86' lang='lat' dir='ltr'>vitiosum</span> <span class='ocrx_word' id='word_1_174' title='bbox 304 2897 452 2962; x_wconf 80' lang='lat' dir='ltr'>fortasse</span> <span class='ocrx_word' id='word_1_175' title='bbox 474 2903 509 2962; x_wconf 87' lang='lat' dir='ltr'>et</span> <span class='ocrx_word' id='word_1_176' title='bbox 532 2899 643 2962; x_wconf 90' lang='lat' dir='ltr'>minus</span> <span class='ocrx_word' id='word_1_177' title='bbox 666 2901 786 2978; x_wconf 88' lang='lat' dir='ltr'>aptum</span> <span class='ocrx_word' id='word_1_178' title='bbox 809 2915 999 2970; x_wconf 87' lang='lat' dir='ltr'>enumero,</span> <span class='ocrx_word' id='word_1_179' title='bbox 1027 2897 1086 2961; x_wconf 87' lang='lat' dir='ltr'>sed</span> <span class='ocrx_word' id='word_1_180' title='bbox 1109 2900 1224 2962; x_wconf 89' lang='lat' dir='ltr'>tamen</span> 
     </span>
     <span class='ocr_line' id='line_1_24' title="bbox 116 3013 847 3080; baseline 0.005 -4"><span class='ocrx_word' id='word_1_181' title='bbox 116 3013 179 3078; x_wconf 80' lang='lat' dir='ltr'>hoe</span> <span class='ocrx_word' id='word_1_182' title='bbox 202 3019 357 3078; x_wconf 87' lang='lat' dir='ltr'>nostrum</span> <span class='ocrx_word' id='word_1_183' title='bbox 381 3016 468 3078; x_wconf 86' lang='lat' dir='ltr'>satis</span> <span class='ocrx_word' id='word_1_184' title='bbox 491 3015 632 3078; x_wconf 84' lang='lat' dir='ltr'>dilucide</span> <span class='ocrx_word' id='word_1_185' title='bbox 655 3015 847 3080; x_wconf 88' lang='lat' dir='ltr'>illustrans:</span> 
     </span>
     <span class='ocr_line' id='line_1_25' title="bbox 117 3130 1171 3214; baseline 0.003 -20"><span class='ocrx_word' id='word_1_186' title='bbox 117 3130 222 3205; x_wconf 75' lang='lat' dir='ltr'>&#39;Jord</span> <span class='ocrx_word' id='word_1_187' title='bbox 245 3149 314 3193; x_wconf 83' lang='lat' dir='ltr'>som</span> <span class='ocrx_word' id='word_1_188' title='bbox 337 3134 404 3211; x_wconf 79' lang='lat' dir='ltr'>rnip</span> <span class='ocrx_word' id='word_1_189' title='bbox 427 3132 553 3196; x_wconf 84' lang='lat' dir='ltr'>fostrat</span> <span class='ocrx_word' id='word_1_190' title='bbox 576 3133 637 3196; x_wconf 89' lang='lat' dir='ltr'>bar</span> <span class='ocrx_word' id='word_1_191' title='bbox 661 3133 719 3196; x_wconf 78' lang='lat' dir='ltr'>och</span> <span class='ocrx_word' id='word_1_192' title='bbox 743 3133 879 3197; x_wconf 81' lang='lat' dir='ltr'>fadrens</span> <span class='ocrx_word' id='word_1_193' title='bbox 903 3133 989 3197; x_wconf 87' lang='lat' dir='ltr'>aska</span> <span class='ocrx_word' id='word_1_194' title='bbox 1011 3139 1171 3214; x_wconf 73' lang='lat' dir='ltr'>gommen</span> 
     </span>
     <span class='ocr_line' id='line_1_26' title="bbox 116 3247 1223 3330; baseline 0.006 -20"><span class='ocrx_word' id='word_1_195' title='bbox 116 3247 204 3318; x_wconf 71' lang='lat' dir='ltr'>Folle,</span> <span class='ocrx_word' id='word_1_196' title='bbox 219 3265 289 3310; x_wconf 82' lang='lat' dir='ltr'>sora</span> <span class='ocrx_word' id='word_1_197' title='bbox 304 3248 373 3327; x_wconf 78' lang='lat' dir='ltr'>rirft</span> <span class='ocrx_word' id='word_1_198' title='bbox 389 3247 528 3327; x_wconf 88' lang='lat' dir='ltr'>hjeltars</span> <span class='ocrx_word' id='word_1_199' title='bbox 544 3249 621 3312; x_wconf 89' lang='lat' dir='ltr'>land</span> <span class='ocrx_word' id='word_1_200' title='bbox 639 3250 701 3314; x_wconf 79' lang='lat' dir='ltr'>och</span> <span class='ocrx_word' id='word_1_201' title='bbox 717 3252 816 3314; x_wconf 89' lang='lat' dir='ltr'>deras</span> <span class='ocrx_word' id='word_1_202' title='bbox 832 3250 958 3330; x_wconf 73' lang='lat' dir='ltr'>‹lygder</span> <span class='ocrx_word' id='word_1_203' title='bbox 973 3250 1146 3330; x_wconf 84' lang='lat' dir='ltr'>gldmmer’</span> <span class='ocrx_word' id='word_1_204' title='bbox 1160 3257 1223 3317; x_wconf 86' lang='lat' dir='ltr'>eto.</span> 
     </span>
    </p>

    <p class='ocr_par' dir='ltr' id='par_1_6' title="bbox 115 3363 1224 4151">
     <span class='ocr_line' id='line_1_27' title="bbox 198 3363 1224 3448; baseline 0.007 -22"><span class='ocrx_word' id='word_1_205' title='bbox 198 3363 314 3444; x_wconf 88' lang='lat' dir='ltr'>Neque</span> <span class='ocrx_word' id='word_1_206' title='bbox 338 3364 459 3427; x_wconf 89' lang='lat' dir='ltr'>mirum</span> <span class='ocrx_word' id='word_1_207' title='bbox 482 3365 581 3429; x_wconf 88' lang='lat' dir='ltr'>debet</span> <span class='ocrx_word' id='word_1_208' title='bbox 605 3367 708 3430; x_wconf 87' lang='lat' dir='ltr'>videri</span> <span class='ocrx_word' id='word_1_209' title='bbox 732 3368 851 3448; x_wconf 86' lang='lat' dir='ltr'>quinto</span> <span class='ocrx_word' id='word_1_210' title='bbox 872 3368 942 3432; x_wconf 85' lang='lat' dir='ltr'>loco</span> <span class='ocrx_word' id='word_1_211' title='bbox 959 3367 1047 3440; x_wconf 86' lang='lat' dir='ltr'>(vide</span> <span class='ocrx_word' id='word_1_212' title='bbox 1064 3368 1224 3433; x_wconf 88' lang='lat' dir='ltr'>Meierum</span> 
     </span>
     <span class='ocr_line' id='line_1_28' title="bbox 116 3481 1224 3566; baseline 0.007 -24"><span class='ocrx_word' id='word_1_213' title='bbox 116 3496 190 3560; x_wconf 84' lang='lat' dir='ltr'>pag.</span> <span class='ocrx_word' id='word_1_214' title='bbox 216 3482 265 3551; x_wconf 75' lang='grc'>16)</span> <span class='ocrx_word' id='word_1_215' title='bbox 288 3481 322 3544; x_wconf 90' lang='lat' dir='ltr'>in</span> <span class='ocrx_word' id='word_1_216' title='bbox 345 3483 431 3546; x_wconf 84' lang='lat' dir='ltr'>thesi</span> <span class='ocrx_word' id='word_1_217' title='bbox 456 3484 588 3563; x_wconf 83' lang='lat' dir='ltr'>longam</span> <span class='ocrx_word' id='word_1_218' title='bbox 613 3484 781 3564; x_wconf 80' lang='lat' dir='ltr'>syllabam</span> <span class='ocrx_word' id='word_1_219' title='bbox 797 3490 872 3548; x_wconf 88' lang='lat' dir='ltr'>arte</span> <span class='ocrx_word' id='word_1_220' title='bbox 887 3502 1027 3564; x_wconf 84' lang='lat' dir='ltr'>prorsus</span> <span class='ocrx_word' id='word_1_221' title='bbox 1043 3487 1224 3566; x_wconf 87' lang='lat' dir='ltr'>quaesitam</span> 
     </span>
     <span class='ocr_line' id='line_1_29' title="bbox 116 3597 1224 3681; baseline 0.008 -23"><span class='ocrx_word' id='word_1_222' title='bbox 116 3613 201 3659; x_wconf 87' lang='lat' dir='ltr'>esse.</span> <span class='ocrx_word' id='word_1_223' title='bbox 247 3597 332 3661; x_wconf 88' lang='lat' dir='ltr'>Nam</span> <span class='ocrx_word' id='word_1_224' title='bbox 357 3600 539 3664; x_wconf 81' lang='lat' dir='ltr'>verisimile</span> <span class='ocrx_word' id='word_1_225' title='bbox 561 3604 625 3675; x_wconf 81' lang='lat' dir='ltr'>est,</span> <span class='ocrx_word' id='word_1_226' title='bbox 649 3620 752 3681; x_wconf 85' lang='lat' dir='ltr'>quum</span> <span class='ocrx_word' id='word_1_227' title='bbox 775 3603 873 3666; x_wconf 86' lang='lat' dir='ltr'>aliter</span> <span class='ocrx_word' id='word_1_228' title='bbox 893 3603 1033 3666; x_wconf 81' lang='lat' dir='ltr'>celerius</span> <span class='ocrx_word' id='word_1_229' title='bbox 1060 3603 1099 3665; x_wconf 87' lang='lat' dir='ltr'>ad</span> <span class='ocrx_word' id='word_1_230' title='bbox 1123 3603 1224 3668; x_wconf 88' lang='lat' dir='ltr'>linem</span> 
     </span>
     <span class='ocr_line' id='line_1_30' title="bbox 115 3717 1224 3799; baseline 0.008 -24"><span class='ocrx_word' id='word_1_231' title='bbox 115 3717 264 3777; x_wconf 78' lang='lat' dir='ltr'>curreret</span> <span class='ocrx_word' id='word_1_232' title='bbox 299 3733 429 3795; x_wconf 87' lang='lat' dir='ltr'>versus,</span> <span class='ocrx_word' id='word_1_233' title='bbox 464 3717 597 3781; x_wconf 79' lang='lat' dir='ltr'>vinculo</span> <span class='ocrx_word' id='word_1_234' title='bbox 632 3719 788 3798; x_wconf 82' lang='lat' dir='ltr'>quodam,</span> <span class='ocrx_word' id='word_1_235' title='bbox 824 3738 890 3799; x_wconf 81' lang='lat' dir='ltr'>quo</span> <span class='ocrx_word' id='word_1_236' title='bbox 923 3720 1063 3783; x_wconf 72' lang='lat' dir='ltr'>clariore</span> <span class='ocrx_word' id='word_1_237' title='bbox 1096 3721 1127 3783; x_wconf 92' lang='lat' dir='ltr'>in</span> <span class='ocrx_word' id='word_1_238' title='bbox 1152 3720 1224 3784; x_wconf 87' lang='lat' dir='ltr'>luoe</span> 
     </span>
     <span class='ocr_line' id='line_1_31' title="bbox 116 3831 1224 3917; baseline 0.006 -24"><span class='ocrx_word' id='word_1_239' title='bbox 116 3831 284 3896; x_wconf 80' lang='lat' dir='ltr'>contrario</span> <span class='ocrx_word' id='word_1_240' title='bbox 322 3835 459 3897; x_wconf 84' lang='lat' dir='ltr'>ostento</span> <span class='ocrx_word' id='word_1_241' title='bbox 497 3852 534 3897; x_wconf 87' lang='lat' dir='ltr'>se</span> <span class='ocrx_word' id='word_1_242' title='bbox 571 3837 736 3915; x_wconf 78' lang='lat' dir='ltr'>praeberet</span> <span class='ocrx_word' id='word_1_243' title='bbox 769 3837 845 3900; x_wconf 85' lang='lat' dir='ltr'>finis</span> <span class='ocrx_word' id='word_1_244' title='bbox 875 3837 1051 3917; x_wconf 72' lang='lat' dir='ltr'>jambious</span> <span class='ocrx_word' id='word_1_245' title='bbox 1089 3841 1224 3901; x_wconf 86' lang='lat' dir='ltr'>veteres</span> 
     </span>
     <span class='ocr_line' id='line_1_32' title="bbox 115 3940 1224 4033; baseline 0.008 -23"><span class='ocrx_word' id='word_1_246' title='bbox 115 3948 280 4028; x_wconf 88' lang='lat' dir='ltr'>impetum</span> <span class='ocrx_word' id='word_1_247' title='bbox 315 3950 495 4029; x_wconf 86' lang='lat' dir='ltr'>reprimere</span> <span class='ocrx_word' id='word_1_248' title='bbox 528 3952 687 4028; x_wconf 86' lang='lat' dir='ltr'>voluisse,</span> <span class='ocrx_word' id='word_1_249' title='bbox 722 3955 925 4017; x_wconf 83' lang='lat' dir='ltr'>varietatem</span> <span class='ocrx_word' id='word_1_250' title='bbox 954 3954 1137 4033; x_wconf 81' lang='lat' dir='ltr'>cupientes.</span> <span class='ocrx_word' id='word_1_251' title='bbox 1168 3940 1224 4019; x_wconf 63' lang='lat' dir='ltr'>‘Et</span> 
     </span>
     <span class='ocr_line' id='line_1_33' title="bbox 115 4066 1223 4151; baseline 0.01 -24"><span class='ocrx_word' id='word_1_252' title='bbox 115 4066 305 4129; x_wconf 80' lang='lat' dir='ltr'>invenimus</span> <span class='ocrx_word' id='word_1_253' title='bbox 329 4068 360 4130; x_wconf 90' lang='lat' dir='ltr'>in</span> <span class='ocrx_word' id='word_1_254' title='bbox 385 4068 471 4132; x_wconf 81' lang='lat' dir='ltr'>liano</span> <span class='ocrx_word' id='word_1_255' title='bbox 495 4069 617 4132; x_wconf 84' lang='lat' dir='ltr'>tlmsim</span> <span class='ocrx_word' id='word_1_256' title='bbox 642 4071 755 4135; x_wconf 87' lang='lat' dir='ltr'>dedita</span> <span class='ocrx_word' id='word_1_257' title='bbox 778 4089 881 4151; x_wconf 61' lang='lat' dir='ltr'>ultera</span> <span class='ocrx_word' id='word_1_258' title='bbox 898 4070 1066 4151; x_wconf 88' lang='lat' dir='ltr'>syllabam</span> <span class='ocrx_word' id='word_1_259' title='bbox 1082 4077 1223 4137; x_wconf 76' lang='lat' dir='ltr'>accentu</span> 
     </span>
    </p>
   </div>
   <div class='ocr_carea' id='block_1_3' title="bbox 0 0 1422 4596">
    <p class='ocr_par' dir='ltr' id='par_1_7' title="bbox 0 0 1422 4596">
     <span class='ocr_line' id='line_1_34' title="bbox 0 0 1422 4596; baseline 0 1"><span class='ocrx_word' id='word_1_260' title='bbox 0 0 1422 4596; x_wconf 95' lang='lat' dir='ltr'> </span> 
     </span>
    </p>
   </div>
  </div>
 </body>
</html>
