2834 4596
1188 251 1209 314 9

144 416 284 482 tertium
306 436 326 482 a
347 417 414 480 fine
436 416 640 480 vocabulum
662 418 748 480 hanc
770 416 938 481 rationem
957 418 1162 498 pertinuisse
1177 435 1251 483 con·

143 536 267 613 tendit;
291 536 379 616 quod
403 541 592 615 oxytonum
616 552 692 598 esse
715 552 755 599 ea
777 535 969 600 condicione
991 536 1154 615 potuisse,
1176 538 1252 599 uta

143 655 230 719 binis
254 655 393 719 vocibus
416 653 628 734 exciperetur
651 653 731 717 item
755 656 875 717 contra
896 655 1176 718 consuetudinem
1193 652 1250 716 lin·

142 794 218 858 guae
241 773 420 855 oxytonis:
444 771 579 835 ’vocant'
602 771 694 834 cives
716 771 788 850 tui’,
804 774 867 835 cet.
901 772 1102 836 Paenultimo
1118 773 1152 836 in
1167 773 1252 854 pede

144 893 365 976 spondiacum
399 891 539 954 verbum
574 888 763 969 saepissime
796 891 943 968 exstare,
977 889 1118 954 tertium
1145 891 1253 956 atine

143 1013 254 1076 locum
277 1026 352 1074 raro
375 1007 621 1088 anapaesticunr
648 1007 683 1070 et
706 1007 969 1071 choriambicum
996 1025 1158 1088 occupare
1187 1025 1252 1074 rec·

144 1129 278 1193 tissime
300 1125 489 1191 annotavit.

229 1245 418 1326 Spondiaca
450 1259 531 1306 vern
567 1242 620 1306 vel
653 1242 687 1305 in
720 1242 907 1322 spondeum
930 1243 1100 1321 exeuntia,
1123 1247 1163 1307 ut
1187 1261 1253 1308 mo·

144 1365 285 1442 lossum,
321 1364 484 1444 quartum
517 1360 636 1440 pedem
671 1359 759 1423 haud
795 1359 867 1423 sine
900 1359 1058 1424 molestia
1091 1377 1254 1442 occupare

144 1482 332 1546 asseverat.

227 1599 305 1662 Jarn
338 1613 419 1661 vero
453 1612 591 1659 caesurae
625 1595 693 1657 vim
728 1597 831 1674 atque
864 1595 1032 1658 rationem
1068 1598 1253 1676 postquam

146 1714 237 1778 nulla
270 1731 313 1778 ex
347 1716 443 1793 parte
477 1713 603 1792 attigit,
631 1713 672 1776 ad
696 1712 840 1793 priorem
865 1714 998 1792 partem
1022 1712 1155 1789 senarii,
1179 1731 1254 1794 quae

145 1834 200 1896 est
222 1834 303 1894 ante
325 1831 411 1895 hanc
433 1830 574 1894 eandem
597 1847 773 1908 caesuram,
790 1830 1047 1909 transgreditur.
1081 1831 1254 1895 Jambicas

145 1965 246 2013 voces
269 1948 348 2012 dicit
370 1947 415 2011 ibi
437 1947 614 2011 minimum
636 1947 756 2011 afferre
780 1947 964 2026 molestiam
999 1947 1057 2009 sed
1091 1946 1178 2027 quod
1213 1948 1254 2011 iis

145 2065 286 2144 licuerit,
320 2067 360 2128 ut
393 2064 425 2127 in
460 2066 644 2129 secundum
680 2065 796 2146 pedem
824 2064 1001 2142 intrarent,
1024 2065 1097 2143 eJ'us
1120 2065 1253 2144 quidem

145 2183 288 2246 licentiae
326 2187 387 2245 aut
428 2199 613 2263 numquam
654 2185 714 2246 aut
748 2198 884 2262 perraro
918 2181 1118 2260 spondiacus
1152 2185 1256 2262 atque

148 2298 373 2378 anapaesticas
406 2315 483 2362 esse
523 2301 714 2380 participes.
773 2299 924 2362 Primum
958 2299 1100 2379 denique
1136 2300 1255 2380 pedem

150 2432 294 2493 summa,
317 2419 356 2479 ut
377 2417 516 2495 assolet,
535 2400 597 2480 sibi
621 2417 733 2479 debita
756 2417 891 2479 licentia
906 2433 1013 2496 neque
1029 2418 1256 2496 anapaesticas

147 2549 247 2595 voces
263 2549 371 2613 ireque
387 2534 588 2614 spondiacus
605 2551 644 2598 ac
663 2552 704 2598 ne
723 2533 908 2613 dactylicas
928 2533 1062 2614 quidem
1085 2551 1187 2598 voces
1210 2552 1255 2599 re·

147 2649 320 2728 pudiasse;
343 2650 544 2715 tribrachica
573 2651 704 2731 quidem
729 2651 895 2714 vocabula
917 2650 970 2713 vel
993 2650 1025 2712 in
1049 2651 1255 2715 tribrachum

147 2765 307 2829 exeuntia
337 2784 521 2848 numquam
545 2770 634 2832 hunc
657 2773 835 2832 accentum
858 2769 1003 2829 υόυ
1026 2769 1201 2848 recepisse.

229 2883 416 2965 Postquam
441 2885 615 2965 longarum
640 2885 790 2949 omnium
813 2885 1023 2966 syllabarum
1046 2885 1146 2948 finem
1163 2886 1256 2949 verbi

146 2999 363 3064 efficientium
397 2986 620 3082 perlustravit
653 3004 879 3083 oxytonesim,
913 3005 955 3067 ad
992 3005 1113 3067 breves
1149 3005 1256 3066 trans·

145 3116 304 3195 greditur.
349 3118 488 3199 Singula
520 3139 562 3184 ne
595 3138 847 3201 persequamur,
881 3123 944 3184 sub
979 3120 1036 3182 illa
1065 3119 1256 3183 condicione

146 3234 298 3298 evadunt
317 3240 438 3315 acutae,
460 3241 499 3300 ut
522 3256 542 3300 a
564 3238 651 3300 binis
674 3238 833 3300 brevibus
854 3237 1076 3317 excipiantur.
1122 3237 1256 3300 Primus

147 3351 246 3414 modo
281 3369 341 3432 pes
376 3355 498 3417 senarii
525 3354 669 3433 pandici,
704 3354 732 3415 si
768 3354 808 3416 ad
842 3370 1011 3417 summam
1049 3356 1256 3432 spectamus,

147 3471 271 3548 praeter
296 3472 428 3533 ceteras
451 3476 486 3535 et
509 3472 594 3535 hauc
616 3471 679 3535 sibi
703 3470 850 3533 assumit
873 3469 1054 3548 licentiam,
1079 3473 1127 3546 ut,
1151 3487 1256 3549 quum

148 3603 215 3649 una
236 3587 350 3650 brevis
374 3593 537 3668 sequatur
559 3589 701 3669 syllaba,
736 3587 953 3667 oxytonesim
985 3588 1138 3666 patiatur
1163 3585 1257 3649 verbi

147 3703 317 3767 trochaici.

231 3821 328 3885 Hanc
358 3823 500 3885 eandem
530 3823 695 3885 rationein
729 3821 852 3885 senarii
883 3820 1017 3899 ‚iambici
1052 3822 1087 3883 et
1117 3818 1158 3883 ad
1180 3821 1257 3940 tro·

147 3937 282 4002 chaicos
303 3940 514 4019 septenarios
534 3941 722 4003 transtulit.
758 3942 864 4019 tinam
882 3939 1009 4002 obrem
1027 3937 1105 4000 mihi
1123 3935 1258 3998 videtur

75 4142 87 4151 ἢ
147 4072 225 4121 csse
248 4073 538 4140 supervacaneum
563 4057 602 4121 de
625 4057 677 4121 his
701 4074 856 4122 seorsum
879 4056 1062 4138 disputare.
