2834 4596
192 263 233 326 46

152 431 240 494 inter
272 431 458 509 spondeum
491 432 528 493 et
559 431 774 510 anapaestum
808 428 973 492 interesse
1005 427 1200 506 censebant,
1223 430 1265 492 ut

151 563 336 625 numquam
369 547 402 610 in
434 545 553 626 pedem
581 547 669 609 ictus
695 544 888 626 principalis
910 544 1133 608 admitterent
1155 544 1264 623 illum,
1287 550 1299 575 ¹

152 663 239 726 hunc
272 665 388 726 autem
419 661 576 726 facillime
608 662 652 725 ibi
675 663 882 742 paterentur,
905 662 947 725 ob
970 677 1112 741 eamque
1134 678 1206 726 rem
1228 662 1265 724 in

147 779 302 858 ,iambicis
331 779 454 842 saltem
488 779 644 842 versibus
678 778 763 841 duas
796 778 916 843 breves
950 779 1102 858 syllabas
1125 778 1266 843 minime

151 896 293 959 eandem
327 912 395 976 prae
429 911 466 958 se
501 895 586 960 ferre
620 895 775 959 inertiam
809 898 845 959 et
878 895 1009 976 pondus
1032 897 1135 975 atque
1157 911 1265 958 unani

151 1012 283 1091 longam
319 1013 497 1091 putabant,
530 1012 626 1076 latini
658 1015 773 1076 tamen
807 1011 1001 1091 exemplum
1034 1011 1167 1076 illorum
1196 1028 1265 1075 non

151 1132 334 1208 sequentes
366 1132 582 1209 anapaestum
616 1145 757 1209 quoque,
792 1128 820 1190 si
848 1128 989 1208 syllaba,
1016 1146 1092 1207 quae
1119 1131 1266 1192 accentu

151 1250 300 1324 notatur,
334 1247 368 1309 in
402 1246 525 1310 thesim
560 1247 638 1310 ictui
673 1245 813 1325 principi
835 1245 1014 1308 finitimam
1037 1245 1190 1321 cadebat,
1214 1245 1267 1308 sic

151 1363 308 1444 usurpari
341 1364 515 1428 vetabant.
560 1363 626 1427 Cur
657 1362 796 1426 taudem
813 1379 890 1425 nori
913 1362 976 1425 sibi
998 1364 1267 1441 assumpserunt

150 1480 183 1543 in
207 1481 424 1559 anapaesticis
448 1481 560 1545 verbis
583 1481 724 1545 eandem
747 1497 786 1544 ac
808 1480 906 1560 graeci
928 1479 1125 1543 licentiam?
1161 1478 1265 1559 Cura,

150 1598 298 1677 inquam,
331 1605 492 1663 accentus
518 1598 654 1663 adducti
678 1615 778 1662 voces
800 1601 835 1661 et
858 1597 1085 1676 anapaesticas
1108 1598 1144 1660 et
1165 1613 1267 1676 spon·

151 1714 264 1779 iliacas
287 1716 388 1780 certis
410 1718 547 1779 tantum
569 1716 651 1780 locis
674 1715 771 1779 latini
794 1715 1128 1797 eomiciposuerunt.
1233 1754 1236 1759 -

237 1832 325 1896 Nam
360 1851 498 1898 necesse
529 1838 612 1906 erat,
640 1834 668 1896 si
691 1833 760 1896 vim
783 1836 818 1897 et
840 1832 1005 1896 rationem
1029 1831 1160 1912 generis
1179 1831 1265 1911 Jam-

151 1949 212 2014 bici
225 1950 366 2030 abjicere
384 1951 576 2031 noluerunt,
592 1952 641 2015 ita
655 1951 761 2014 ictum
777 1950 994 2030 principalem
1010 1948 1109 2029 quasi
1124 1948 1266 2012 circum-

140 2068 282 2146 muniri,
305 2074 344 2132 ut
367 2073 478 2133 totam
502 2070 624 2134 molem
649 2086 748 2132 suam
772 2067 855 2132 nihil
877 2067 1118 2132 resistentibus
1141 2066 1265 2130 vicinis

150 2193 269 2266 posset
301 2192 532 2267 contorquere.
598 2188 718 2268 ltaque
756 2187 897 2267 syllaba,
932 2202 1035 2267 quam
1068 2184 1265 2266 principalis

150 2304 238 2368 ictus
270 2311 459 2385 occuparet,
493 2308 532 2370 ut
561 2305 690 2386 longior
718 2323 851 2386 semper
878 2308 972 2369 esset
995 2320 1096 2384 quam
1120 2319 1169 2382 ea,
1194 2320 1265 2383 qua

151 2440 219 2486 vox
243 2422 340 2502 quasi
363 2423 528 2503 impetum
551 2429 686 2504 caperet
709 2425 750 2488 ad
775 2425 889 2503 ictum,
914 2423 967 2487 vel
989 2440 1039 2501 ea,
1062 2438 1136 2503 quae
1163 2455 1193 2462 —
1222 2423 1265 2484 ut

149 2540 182 2604 in
205 2540 362 2604 trocbaeis
390 2574 418 2582 —-
448 2541 655 2620 longitudine
676 2543 764 2606 ictus
788 2543 1055 2623 supprimeretur
1083 2545 1119 2604 et
1145 2540 1263 2604 obscu-

149 2662 292 2737 raretur,
316 2659 542 2722 constitutum
566 2666 629 2723 est.
673 2662 728 2724 lta
749 2661 782 2723 in
805 2662 961 2726 ,versibus
982 2659 1138 2740 jambiois
1164 2691 1194 2699 --
1221 2661 1265 2722 ut

150 2777 190 2841 de
221 2777 262 2841 iis
289 2777 398 2841 solum
422 2778 610 2858 loquamur,
634 2796 712 2842 nam
736 2779 918 2844 11000101]
941 2777 1129 2841 trochaicos
1153 2779 1265 2841 trans·

150 2897 228 2961 i'erri
251 2899 368 2977 potest
396 2932 422 2938 -
453 2898 594 2976 syllaba
616 2897 663 2961 illi
680 2897 863 2978 principali,
880 2896 952 2960 sive
968 2896 1137 2975 longeest
1154 2911 1264 2974 neque

150 3019 290 3079 accentu
314 3019 443 3094 notata,
467 3014 603 3079 brevem
628 3016 815 3096 praecedere
837 3017 983 3095 oportet,
1000 3013 1073 3077 sive
1090 3013 1189 3091 longa
1206 3016 1265 3076 est

150 3136 185 3196 et
218 3135 340 3196 notata
372 3136 522 3208 accentu,
556 3136 617 3196 aut
652 3134 788 3196 brevem
822 3136 882 3197 0111
916 3133 1049 3213 longam
1080 3132 1140 3194 0111
1163 3129 1263 3193 binas

150 3251 280 3314 breves,
325 3251 373 3313 De
401 3250 645 3330 monosyllabis
673 3269 737 3315 non
766 3251 933 3330 loquimur
955 3250 1077 3327 verbis,
1101 3248 1263 3328 (quoniam

150 3370 313 3431 contextu
330 3369 509 3431 verborum
525 3371 702 3433 accentum
725 3347 870 3449 possunt
892 3368 1066 3446 aurittere3
1090 3368 1152 3430 hoc
1167 3369 1203 3431 et
1218 3367 1263 3432 ad

152 3503 250 3548 voces
279 3485 426 3564 pertinet
449 3485 709 3565 pyrrhicbiacas.
754 3487 826 3549 Duo
848 3485 950 3563 igitur
973 3502 1095 3564 genera
1118 3484 1263 3565 syllaba-

150 3619 235 3680 rum,
272 3619 347 3682 quae
381 3602 514 3681 quidem
545 3607 684 3667 accentu
712 3606 841 3667 notatae
864 3606 954 3679 sunt,
978 3602 1103 3680 01000,
1127 3601 1183 3681 qui
1207 3607 1264 3665 est

152 3724 233 3784 ante
256 3718 483 3799 principalem,
506 3720 742 3797 excluduntur,
766 3720 884 3800 longas
907 3719 978 3782 dico
995 3722 1087 3782 etex
1104 3718 1265 3782 brevibus

151 3837 257 3912 binas,
281 3852 366 3916 quas
390 3836 541 3914 praebent
565 3854 665 3900 voces
690 3837 915 3917 anapaesticus.

233 3952 461 4017 Verisimilem
494 3953 573 4017 mibi
606 3954 675 4034 jam
709 3956 824 4019 videor
855 3953 1056 4034 exposuisse
1084 3954 1263 4034 rationem,

150 4074 322 4136 0111011011]
336 4071 424 4152 apuu
442 4070 568 4138 latinos
584 4074 639 4138 lox
656 4073 809 4153 quaedam
827 4072 970 4151 1110011100
984 4073 1262 4136 constitueretur.
