2834 4596
1182 251 1221 313 27

154 425 323 507 syllabam
358 457 387 464 --
432 439 508 503 quae
547 420 740 486 ’Tonkr'irze’
782 422 862 500 apte
902 419 964 482 dici
1005 420 1117 499 potuit
1161 455 1195 463 -
1230 421 1263 484 in

153 543 378 625 quaestionem
400 540 521 604 melius
543 538 645 603 fuerit
662 555 831 618 revocare,
854 538 923 602 ictu
946 542 1112 602 notatam.

237 660 273 724 Si
296 659 439 723 enimin
463 657 577 721 varias
601 661 760 720 accentus
783 657 919 736 figurae,
942 657 1079 721 brevem
1095 657 1263 738 syllabam

153 779 345 861 praebentes
368 780 514 848 acutam,
539 793 624 856 quas
647 775 847 839 Corssenius
869 775 985 855 posuit
1008 791 1081 856 pag.
1097 775 1168 849 973,
1191 792 1264 840 ocu-

153 898 205 962 los
238 895 444 976 conjicimus
476 893 543 957 illis
576 897 692 956 tamen
722 893 884 972 exceptis.
908 908 993 973 quas
1016 909 1119 973 supra
1142 897 1264 958 tracta·

152 1015 276 1093 vimus
299 1013 461 1093 majorem
484 1010 659 1092 aliquanto
681 1011 790 1092 graeci,
813 1013 853 1074 ut
873 1010 943 1086 jam
969 1011 1176 1075 monstravit
1199 1011 1263 1088 ille,

152 1130 357 1196 varietatem
380 1122 549 1210 praestant
572 1129 722 1192 acuendi.

210 1247 324 1312 'Nam
346 1250 385 1312 ut
407 1265 427 1312 a
451 1246 625 1327 disyllabis
648 1246 760 1310 verbis
778 1246 958 1327 ordiamur,
974 1246 1111 1310 brevem
1127 1247 1261 1327 quidem

152 1365 321 1446 syllabam
338 1367 475 1430 acutam
492 1363 753 1442 continentibus
773 1364 801 1427 si
817 1379 918 1427 voees
930 1363 1095 1444 jambicas
1111 1366 1264 1444 omittas

152 1500 230 1564 quae
263 1483 296 1546 in
331 1485 453 1546 neutra
486 1481 600 1560 lingua
633 1480 726 1545 brevi
759 1480 892 1560 syllaba
925 1484 1065 1545 accentu
1087 1486 1209 1546 notata
1231 1483 1264 1546 in

152 1602 240 1665 hunc
268 1599 378 1664 locum
405 1599 520 1663 ictum
533 1598 706 1678 recipient,
730 1602 765 1662 et
787 1599 892 1661 verba
914 1598 1094 1674 trochaica,
1117 1617 1193 1680 quae
1215 1617 1264 1664 ac-

152 1720 254 1782 centu
281 1716 313 1780 in
343 1717 502 1781 ultimum
531 1717 640 1780 locum
664 1720 823 1779 revocato
847 1716 909 1780 hoc
931 1714 1003 1780 loco
1025 1716 1113 1796 apud
1137 1734 1264 1796 graecos

155 1837 301 1911 tantum,
324 1837 364 1898 ut
386 1851 491 1914 supra
513 1833 835 1912 demonstravimus,
858 1832 1043 1897 concordiae
1057 1833 1103 1896 illi
1119 1838 1265 1914 possunt

157 1951 281 2030 favere,
304 1951 347 2016 ad
370 1967 473 2015 voces
496 1951 746 2032 pyrrhicbiacas
760 1950 1075 2031 transgrediendum
1092 1952 1157 2028 est,
1180 1969 1265 2032 quae,

152 2069 456 2149 utramcumquein
470 2069 638 2149 syllabam
651 2071 829 2132 accentum
841 2068 1009 2148 accipiunt
1021 2045 1124 2147 (φῷ
1149 2118 1188 2146 υ
1200 2062 1263 2146 φ),

151 2185 185 2250 in
216 2186 302 2250 banc
330 2185 435 2249 etiam
459 2186 564 2250 ictum
587 2185 769 2249 admittere
791 2188 938 2265 possunt
960 2187 1047 2266 apud
1072 2204 1199 2267 graecos
1223 2188 1265 2252 ob

151 2320 296 2384 eamque
329 2320 399 2367 rem
434 2303 600 2384 duplicem
633 2302 786 2383 praebent
822 2303 1007 2367 eoncordiae
1044 2304 1264 2384 occasionem,

152 2438 257 2502 quum
280 2419 375 2484 latini
398 2420 461 2484 hac
482 2437 550 2484 una
573 2421 679 2500 figura
702 2438 797 2498 (Ν
820 2420 931 2499 priore
952 2421 1052 2486 modo
1075 2422 1108 2484 in
1132 2420 1266 2502 syllaba

152 2539 366 2602 concordiam
388 2538 519 2602 efficere
541 2539 684 2618 possint.

237 2655 361 2719 Deinde
389 2655 587 2735 trisyllabos
616 2659 655 2719 ut
673 2656 743 2736 Jam
767 2655 1027 2735 consideremus
1051 2657 1195 2736 primum
1220 2657 1263 2721 ibi

154 2770 188 2834 in
204 2770 422 2836 tribracbicas
437 2773 689 2848 incursitamus
711 2791 786 2854 quae
802 2773 1015 2853 trigeminam
1033 2774 1121 2853 apud
1136 2791 1265 2855 graecos

152 2887 372 2968 praeferentes
388 2890 599 2955 occasionem
615 2891 754 2955 acuendi
770 2878 923 2969 (ow
949 2937 987 2968 ψ
1000 2909 1039 2970 φ
1049 2939 1090 2969 υ
1112 2940 1151 2969 ψ
1162 2885 1264 2971 xAa)

151 3005 319 3086 triplicem
341 3007 447 3071 etiam
469 3007 617 3072 offerunt
637 3010 929 3088 opportunitatem
959 3010 1143 3073 concordiae
1164 3010 1264 3088 illiue,

152 3140 255 3204 quam
279 3123 334 3187 diu
357 3127 549 3204 quaerimus
572 3143 642 3206 prae
664 3125 790 3198 latinis,
813 3126 868 3206 qui
892 3127 955 3190 hoc
976 3143 1080 3189 unum
1098 3144 1265 3207 opponere

151 3244 464 3320 possunrpw
509 3244 635 3306 Postea
660 3246 776 3306 autem
803 3243 844 3306 ad
869 3261 989 3306 nomeu
1014 3244 1265 3323 respondebunt

152 3357 320 3422 vocabula
342 3360 518 3440 dactylica,
549 3377 625 3440 quae
647 3376 850 3423 consensum
874 3377 940 3424 non
963 3360 1013 3424 ita
1035 3359 1146 3423 solum
1169 3361 1265 3426 eflici-

152 3478 216 3539 uot
238 3492 391 3553 LW,
416 3477 473 3540 sed
497 3477 601 3541 etiam
625 3478 673 3541 sic
696 3496 837 3556 „er
860 3482 896 3540 et
918 3477 966 3540 sic
983 3495 1124 3556 —m‘a
1146 3481 1266 3542 contra

152 3592 217 3656 lroc
239 3611 343 3658 unum
367 3594 509 3659 latinum
528 3615 681 3672 ΑΝ,
709 3595 808 3676 quod,
827 3613 930 3676 quum
947 3594 1264 3676 antepaenultimam

151 3709 241 3774 ictus
264 3698 439 3793 relinquet,
463 3713 725 3794 discrepantiam
748 3730 882 3794 semper
904 3712 1018 3790 iaciat,
1035 3728 1173 3776 necesse
1197 3714 1261 3775 est.

237 3829 348 3893 Voces
377 3847 457 3894 vero
489 3832 707 3912 anapaesticae
730 3832 838 3911 magis
861 3832 974 3911 paullo
997 3829 1145 3896 fortasse
1169 3831 1266 3895 stant

152 3962 174 4008 a
186 3945 318 4026 latinis3
331 3964 409 4011 nam
423 3965 525 4012 unam
538 3949 681 4028 figuram
694 3950 846 4029 praebent
858 3949 965 4029 graeci,
978 3965 1045 4028 qua.
1057 3965 1159 4031 quum
1172 3949 1265 4014 uten-

154 4067 221 4146 tur,
245 4080 312 4128 non
328 4069 489 4147 poterunt
505 4066 616 4130 vitare
631 4066 905 4152 discrepantiam,
921 4067 1007 4134 hanc
1023 4066 1094 4133 dico
1112 4112 1153 4144 v
1163 4075 1264 4146 ,rs-3
