2834 4596
1180 213 1247 330 45·

151 438 192 501 ad
207 438 445 502 demissionem
458 438 685 518 corrumpitur
700 441 735 501 et
751 437 956 516 languorem,
972 434 1141 515 ignaviam
1156 435 1261 498 etiam

120 562 220 636 *prae
248 560 291 619 ‘se
325 556 399 633 sert,
430 556 489 618 ita
508 556 551 633 id,
581 555 668 634 quod
695 572 716 617 a
738 554 853 634 parvis
875 552 1045 634 principiis
1069 552 1197 615 sensim·
1219 551 1261 614 ad

151 673 222 736 vim
247 675 282 737 et
304 672 556 736 contentionem
579 649 761 751 subrepsit,
785 670 1008 734 admiratione
1030 669 1177 748 quadarn
1200 667 1261 731 vir·

150 789 238 853 tutis
271 792 307 853 et
334 806 513 853 nervorum
546 790 671 868 saepius
695 788 757 851 sibi
781 804 843 850 nos
865 787 1031 850 conciliat.
1077 786 1113 850 Si
1135 785 1198 850 hoc
1219 785 1262 848 ad

152 910 272 982 metra,
305 924 381 986 quae
414 924 457 970 ex
487 902 815 986 pedibus'constant
837 903 1023 984 disyllabis,
1047 902 1262 980 transfertur,

152 1039 295 1102 quorum
318 1023 352 1086 in
375 1023 518 1103 dipodiis
540 1040 645 1086 unum
670 1023 776 1086 ictum
798 1021 990 1085 invenimus
1012 1019 1206 1100 principem,
1228 1018 1262 1080 in

150 1140 316 1219 jambicis,
330 1157 472 1219 quorum
489 1144 613 1204 natura
627 1138 861 1204 vehementior
877 1139 941 1213 est,
957 1137 1020 1202 hoc
1034 1137 1104 1200 ictu
1116 1136 1261 1200 alterum

152 1257 294 1337 dipodiae
328 1257 446 1337 pedem
479 1256 622 1321 obtineri
655 1256 820 1332 videmus,
853 1255 887 1318 iu
921 1254 1101 1318 trochaicis
1134 1255 1261 1330 autem,

153 1392 229 1455 quae
267 1374 436 1438 mitiorem
473 1375 640 1438 rationem
678 1373 872 1454 praeierunt,
916 1370 1133 1452 principalem
1168 1370 1263 1434 illum

152 1493 258 1556 ictum
291 1492 433 1572 priorem
469 1492 610 1572 dipodiae
644 1508 729 1555 esse.
783 1491 821 1553 in
848 1490 904 1553 illo
927 1506 1048 1570 genere
1070 1488 1263 1552 vehementi

153 1626 189 1674 re
221 1610 296 1692 ipsa
328 1609 377 1686 fit,
413 1615 450 1673 ut
483 1610 675 1690 principalis
710 1610 797 1673 ictus
824 1624 952 1688 praese
979 1606 1103 1670 habeat
1125 1607 1262 1670 brevem

154 1728 332 1810 syllabam,
366 1727 429 1791 hoc
462 1729 495 1809 in
518 1745 638 1807 genere
660 1729 741 1808 post
764 1743 810 1790 se.
866 1726 1017 1807 Quorsus
1044 1724 1147 1805 igitur
1168 1723 1262 1786 haec?

138 1847 237 1910 'Eum
270 1846 374 1910 ictum
409 1852 448 1910 nt
481 1845 632 1925 legitima
656 1845 789 1924 syllaba
812 1861 947 1908 summa
968 1843 1003 1907 vi
1026 1843 1098 1906 sine
1120 1840 1187 1905 ullo
1211 1841 1263 1904 ob-

152 1964 284 2028 staculo
316 1964 359 2028 ad
393 1981 430 2027 se
462 1964 662 2040 attraheret,
697 1962 924 2026 constitutum
950 1964 1014 2038 est,
1047 1963 1086 2023 ut
1108 1960 1264 2040 proxima

153 2083 286 2164 syllaba
320 2099 454 2162 semper
487 2081 600 2145 brevis
633 2083 736 2144 esset.
790 2077 877 2144 Nam
911 2079 1010 2159 longa
1037 2077 1171 2158 syllaba
1193 2077 1263 2141 vim
1294 2128 1297 2132 Α

153 2218 287 2280 semper
317 2200 488 2281 quandam
524 2199 587 2262 sibi
618 2198 767 2263 assumit
789 2215 897 2278 neque
919 2197 1111 2277 proximam
1133 2196 1264 2276 patitur

153 2335 289 2382 summa
311 2318 403 2381 vocis
425 2319 641 2381 contentione
664 2316 884 2397 pronuntiari,
911 2315 969 2379 sed
993 2315 1157 2396 inprime
1180 2314 1264 2394 pede
1326 2341 1334 2356 ¹

153 2441 227 2501 arte
263 2437 368 2500 etiam
401 2437 490 2500 ictus
524 2435 678 2516 proxima
711 2435 810 2515 longa
847 2435 980 2515 syllaba
1016 2434 1264 2514 quodammodo

154 2556 386 2635 supprimitur,
420 2559 456 2619 et
488 2556 551 2619 hoc
572 2554 756 2634 quaesitum
783 2557 847 2632 est,
871 2559 909 2617 ut
932 2554 1029 2634 quasi
1052 2554 1264 2634 frangeretur

154 2676 189 2736 et
211 2672 377 2736 celaretur
403 2691 572 2737 numerus.

240 2790 313 2853 Hoc
335 2791 363 2854 si
386 2809 502 2856 verum
531 2795 594 2870 est,
619 2808 725 2870 ireque
748 2791 836 2871 apud
860 2791 985 2854 latinos
1008 2791 1087 2869 haec,
1111 2809 1185 2871 quaa
1209 2807 1263 2855 vo·

154 2911 251 2972 catur
273 2909 328 2973 lex
348 2909 500 2990 dipodiae,
523 2911 555 2972 in
580 2927 617 2973 se
640 2909 743 2973 habet
765 2909 949 2990 quidquam
971 2909 1205 2972 admirationis
1229 2913 1264 2973 et

153 3026 195 3089 ad
229 3027 368 3090 nihilum
401 3028 470 3090 fere
504 3028 655 3092 recidunt
696 3027 864 3106 nonnulla,
909 3044 984 3106 quae
1021 3027 1265 3091 animadvertit

152 3146 296 3209 Meierus
329 3146 364 3207 et
397 3145 619 3223 reprehendit.
675 3145 761 3208 Nam
797 3144 826 3207 si
858 3143 998 3206 eandem
1023 3143 1093 3206 vim
1116 3147 1151 3207 et
1173 3144 1263 3224 apud

153 3278 212 3325 eos
245 3262 334 3324 ictus
369 3260 561 3341 principalis
584 3262 741 3340 babebat,
764 3260 888 3341 aliquid
913 3264 1004 3324 certe
1027 3259 1054 3323 ei
1078 3260 1264 3325 attribuere

154 3397 291 3443 neeesse
325 3381 407 3440 erat.
463 3379 506 3442 nt
539 3396 745 3459 quamquam
773 3379 891 3458 longas
914 3377 1066 3457 syllabas
1089 3378 1122 3440 in
1146 3395 1264 3442 omnes

154 3497 222 3559 iere
256 3497 347 3558 loeus
380 3495 618 3574 admittebant,
652 3513 756 3558 unum
784 3498 899 3558 tamen
923 3511 1029 3574 genus
1051 3495 1264 3574 excipiebant

153 3613 207 3676 vel
231 3616 311 3675 aute
333 3611 436 3674 ictum
460 3612 687 3692 principalem,
711 3611 797 3675 utin
814 3611 1093 3689 rnetroy'ambieo,
1115 3612 1168 3676 vel
1184 3617 1264 3691 post

153 3748 241 3798 eum.
275 3733 314 3793 ut
346 3729 378 3791 in
413 3733 520 3793 metro
554 3730 734 3805 trochaico,
760 3728 935 3808 longarum
959 3729 1031 3792 dieo
1055 3729 1263 3808 syllabarum

154 3850 294 3909 accentu
318 3849 515 3911 notatarum
541 3847 594 3911 vel
618 3849 770 3911 binarum
792 3846 953 3926 brevium,
970 3864 1056 3926 quas
1072 3862 1172 3909 voces
1188 3863 1264 3909 ana·

155 3964 303 4042 pastina
336 3963 571 4028 ostendebant.
621 3965 663 4027 lli·
690 3965 751 4027 boc
774 3965 854 4028 milri
876 3965 945 4045 jam
970 3964 1104 4026 videtur
1127 3964 1263 4042 dignum

154 4097 240 4147 osse,
265 4084 302 4143 ut
325 4080 497 4160 aileratur,
522 4082 620 4161 qumi,
644 4099 851 4162 ‹prarrrquam
875 4080 971 4160 graeci
995 4080 1109 4142 connci
1127 4084 1262 4144 tanturn
