2834 4596
1161 259 1200 324 15

214 432 427 513 Quamquam
450 431 587 510 longum
609 434 644 493 et
668 428 803 492 minime
826 429 982 491 nostrum
998 431 1052 492 cst
1068 445 1240 508 argumen-

130 552 176 615 tis
209 551 295 613 hanc
323 549 359 612 O.
387 547 510 611 Keilcri
533 546 700 610 rationem
723 545 930 609 confirmare.
975 545 1112 625 Doque
1136 562 1170 608 re
1192 562 1241 608 ac·

129 667 280 731 curatius
303 666 379 730 vide
402 665 490 728 illius
514 663 844 728 commentationem.

212 785 250 847 In
283 801 322 847 co
354 788 410 847 est
439 784 520 862 jam,
553 784 592 844 ut
625 780 721 844 nobis
747 780 939 843 uidendum
977 780 1033 858 sit,
1072 779 1240 860 quomodo

130 901 275 982 quadret
308 901 379 979 hoc,
413 899 500 980 quod
529 898 569 962 de
596 902 757 961 accentus
780 897 1018 961 observatione
1040 914 1162 961 versus
1186 897 1241 961 Sa·

131 1019 233 1082 turnii
256 1034 359 1098 supra
382 1017 539 1090 diximus,
560 1016 600 1078 ad
618 1032 667 1094 ea,
692 1032 766 1094 quae
789 1015 829 1078 de
851 1032 1032 1095 progressu
1054 1015 1145 1079 iliius
1168 1032 1241 1079 con·

131 1135 251 1199 cordiae
274 1134 440 1199 Corssenii
463 1133 651 1213 quaestione
674 1135 877 1212 exprompta
899 1131 1013 1212 paullo
1036 1135 1116 1196 ante
1131 1132 1241 1212 posui-

130 1270 216 1317 mus
260 1253 354 1331 Haec,
368 1269 451 1331 quae
483 1250 555 1330 ‚jam
578 1252 771 1330 sequentur,
800 1250 850 1313 ita
871 1252 953 1313 sunt
975 1251 1007 1312 in
1031 1250 1139 1314 medio
1163 1251 1240 1330 site,

129 1372 188 1435 vix
210 1374 249 1434 ut
271 1370 383 1451 possit
406 1369 586 1449 quisquam
609 1385 674 1430 non
699 1367 812 1431 videre
828 1383 868 1430 ca
884 1385 946 1430 sua
962 1371 1084 1447 sponte
1099 1385 1240 1447 prorsus

129 1504 310 1552 occurrere.
355 1485 462 1566 Quam
497 1486 539 1548 ob
573 1503 642 1548 rem
676 1485 758 1547 mini
790 1485 914 1547 mirum
942 1501 1019 1548 csse
1045 1485 1189 1563 videtur,
1211 1485 1241 1548 si

130 1622 197 1667 non
221 1604 317 1668 multi
337 1604 405 1684 ,ianr
431 1604 503 1666 haec
525 1603 642 1665 eadem
666 1594 861 1681 statuerint,
878 1619 1032 1682 aegreque
1048 1603 1127 1681 fero,
1152 1602 1240 1682 quod

131 1722 242 1785 totiom
276 1721 357 1785 illud
385 1721 561 1785 literarum
594 1715 724 1800 genuS,‘
745 1718 832 1799 quod
859 1720 924 1783 huc
946 1723 1090 1800 spectat,
1114 1721 1241 1802 pervol-

131 1856 210 1903 vcre
233 1839 314 1903 mihi
336 1856 400 1902 non
424 1839 526 1902 licuit.

212 1956 293 2021 Inde
336 1956 438 2035 igitur
481 1956 742 2036 proficiscamur,
791 1958 831 2018 ut
874 1955 916 2018 ab
960 1956 1055 2018 initio
1099 1960 1241 2021 accentu

129 2092 251 2139 versus
285 2091 422 2138 mensos
455 2091 531 2138 csse
566 2076 686 2153 poetas
722 2073 797 2137 iilos
837 2073 965 2152 priscos
1003 2073 1240 2139 Saturniorum

49 2260 55 2268 ⁸
132 2197 289 2257 auctores
313 2196 520 2256 statuamus.
565 2192 692 2255 Postea
723 2192 786 2254 hoc
819 2192 1042 2270 praevaiuisse
1064 2208 1171 2272 usque
1199 2192 1241 2255 ad

132 2310 283 2386 Ennium,
307 2311 363 2391 qui
386 2312 515 2390 primus
538 2327 723 2390 graecorum
748 2310 911 2372 insistens
934 2310 1090 2390 vestigiis
1111 2310 1241 2391 poesim

132 2431 271 2492 accentu
295 2428 430 2492 omnino
454 2431 684 2509 praetermisso
707 2431 740 2492 in
760 2428 922 2491 dicionem
938 2428 1125 2492 vindicaret
1140 2445 1241 2509 qnan-

129 2546 253 2611 titatis
298 2546 381 2611 Eam
414 2564 492 2633 ergo
526 2548 693 2611 rationem
727 2550 840 2611 totum
863 2547 926 2609 noc
948 2562 1064 2626 genus,
1088 2547 1176 2626 quod
1199 2547 1242 2610 ad

132 2680 232 2726 aures
266 2664 442 2728 doctorum
470 2672 590 2745 aptum
612 2668 706 2730 esset
728 2669 763 2730 ct
785 2663 1091 2742 accommodatum,
1117 2665 1159 2727 ab
1181 2666 1242 2728 En·

131 2779 186 2844 nio
210 2781 253 2844 ad
275 2781 496 2847 Claudianum
521 2784 717 2863 retinuissc3
739 2784 772 2845 in
796 2799 852 2846 ore
874 2785 991 2846 tamen
1014 2782 1107 2863 vulgi
1130 2800 1242 2847 accen·

132 2901 216 2977 turn,
239 2903 276 2963 ut
301 2916 322 2962 a
344 2893 465 2980 priscis
487 2902 708 2981 temporibus,
731 2901 781 2964 ita
802 2901 835 2964 iu
858 2901 1063 2964 carminibus
1079 2901 1243 2981 populari·

130 3017 193 3080 bus
225 3016 474 3097 quodammodo
509 3023 685 3084 servatum
719 3036 796 3083 csse
828 3019 1013 3099 principem
1045 3020 1143 3100 quasi
1170 3037 1242 3084 auc·

130 3137 249 3198 torem.
294 3135 416 3199 Artem
450 3137 552 3216 igitur
584 3137 751 3217 poeticam
784 3137 817 3199 in
852 3136 936 3200 duos
971 3137 1141 3201 diductam
1165 3154 1242 3202 esse

129 3253 227 3331 quasi
259 3252 361 3330 rivos
394 3254 540 3317 alterurn
577 3254 752 3318 doctorum
785 3255 970 3336 quantitati
994 3254 1241 3330 oboedientum

129 3369 276 3432 alterum
309 3370 498 3450 vulgarium
533 3375 708 3436 accentum
744 3373 935 3437 colentium.
991 3372 1104 3434 Primo
1134 3372 1241 3451 legem

131 3487 336 3574 quantitatis
358 3488 463 3550 etiarn
487 3489 527 3552 ad
552 3494 662 3553 artem
679 3490 778 3553 'illam
802 3490 975 3568 vulgarem
992 3488 1241 3568 quodammodo

132 3601 199 3666 vim
223 3604 397 3680 habuisse3
421 3609 543 3685 postea
567 3610 682 3670 autem
705 3608 738 3670 in
761 3607 832 3670 dics
851 3607 960 3686 magis
975 3609 1125 3670 veterem
1142 3622 1241 3669 suam

129 3720 199 3784 vim
233 3721 422 3786 obtinuisse
455 3737 648 3802 accentum3
682 3724 746 3787 arti
771 3724 913 3804 denique
935 3723 1111 3787 doctorum
1135 3723 1240 3786 etiarn

129 3854 207 3901 sese
228 3838 418 3904 intrusisse.

215 3955 264 4020 Ut
285 3974 335 4036 ea,
359 3975 433 4037 quae
455 3957 526 4036 Jam
549 3957 700 4038 dicimus
729 3960 770 4022 ad
794 3959 1124 4038 argumentationem
1148 3958 1241 4022 Cors-

130 4073 211 4137 senii
248 4074 444 4153 referamus,
478 4075 509 4137 in
544 4074 745 4141 hexametro
783 4112 812 4119 —
852 4078 940 4156 apud
975 4077 1093 4140 doctos
1120 4077 1241 4156 poetas
