2834 4596
1184 261 1221 323 41

154 433 259 497 tertia
292 433 391 496 modo
424 432 493 495 fere
527 449 605 510 pars
639 431 751 495 efficit.
800 431 955 494 Errorem
983 428 1087 508 igitur
1109 429 1143 492 in
1165 431 1264 495 ratio·

155 551 325 615 cinatione
347 550 404 614 illa
425 550 537 614 inesse
560 549 657 613 facile
679 549 872 630 apparebit;
898 565 1005 629 neque
1030 548 1117 611 enim
1142 549 1264 630 omnia,

155 687 232 750 quae
253 669 403 733 efficiunt
426 669 649 747 concordiam,
672 672 763 732 recte
785 668 818 730 in
842 666 1008 730 rationem
1031 666 1189 729 incidunt.

237 788 287 852 Ne
319 788 479 870 Meierum
513 787 648 867 quidem
681 786 824 850 evicisse
857 785 1019 866 majorem
1052 785 1264 849 concordiam

154 906 345 970 necessario
378 905 447 969 lieri
482 905 515 968 in
538 904 652 984 lingua
682 904 789 968 latina
811 903 989 984 ostendere
1010 906 1154 967 conatus
1177 920 1263 967 sum.

154 1024 229 1088 Hoc
250 1024 354 1088 etiam
377 1023 527 1104 profecto
551 1021 783 1086 difficillimum
805 1025 870 1100 est,
894 1006 1007 1104 quum,
1030 1023 1069 1084 ut
1092 1038 1196 1101 supra
1210 1037 1264 1102 po·

155 1141 261 1205 situm
293 1145 358 1221 est,
392 1140 548 1204 versibus
579 1140 713 1204 Senecae
746 1139 864 1203 eadem
897 1142 1001 1219 atque
1024 1139 1113 1219 apud
1136 1155 1264 1218 graecos

154 1258 330 1322 concordia
355 1258 549 1322 inveniatur
576 1260 612 1322 et
643 1258 779 1321 tantillo
808 1257 870 1321 hoc
892 1259 1054 1336 superent
1073 1256 1264 1321 hexametri

153 1375 259 1440 latini.
303 1377 386 1440 Haec
408 1380 498 1454 sunt,
523 1393 599 1456 quae
622 1376 735 1456 negari
757 1391 824 1439 non
847 1374 990 1456 possint.
1024 1374 1127 1439 Ratio
1147 1378 1263 1439 autem

154 1493 413 1574 probabilitatis,
446 1493 480 1556 in
509 1509 585 1572 qua,
616 1510 721 1573 quum
748 1492 857 1556 multa
885 1493 1030 1571 noveris
1054 1492 1163 1556 multa
1187 1510 1263 1572 non,

153 1628 229 1691 quae
262 1611 303 1674 ad
337 1628 408 1674 rem
443 1610 646 1690 pertineant,
680 1611 787 1690 quaesi
809 1627 918 1674 caecus
941 1607 1140 1690 inambulas,
1163 1610 1263 1674 fidem

153 1727 257 1792 hahet
279 1745 318 1792 ac
340 1728 410 1791 vim
434 1728 606 1792 minorem.

237 1845 378 1910 Summa
407 1847 476 1926 jam
508 1846 652 1909 Meierus
675 1863 749 1909 cum
775 1846 947 1927 diligentia
969 1850 1004 1909 et
1027 1863 1107 1909 cura
1129 1846 1170 1910 ad
1194 1847 1263 1911 reli-

154 1981 257 2043 quum
290 1981 375 2043 opus
408 1964 666 2043 transgreditur.
725 1963 861 2027 Graecos
899 1964 1059 2044 quoniam
1091 1963 1187 2027 latini
1220 1963 1263 2027 ad

152 2080 355 2144 imitandum
388 2082 452 2144 sibi
485 2081 732 2161 proposuerint,
767 2081 913 2161 primum
946 2081 1047 2161 leges,
1077 2099 1154 2161 quae
1174 2081 1263 2161 apud

152 2198 228 2262 illos
251 2199 284 2262 in
303 2199 460 2279 jamhicis
483 2201 639 2262 versibus
662 2217 702 2264 ac
723 2199 903 2263 trochaicis
925 2198 1106 2279 valuerint,
1127 2199 1263 2263 investi·

152 2317 281 2396 gandas
311 2319 346 2380 et
369 2317 632 2396 perscrutandas
661 2334 737 2382 esse
764 2321 890 2381 censet.
935 2318 1026 2398 Quas
1049 2335 1153 2397 quum
1176 2318 1263 2380 satis

153 2451 190 2498 00
211 2434 316 2497 credit
339 2434 567 2514 perspexisse,
591 2435 733 2510 0001110,
751 2453 825 2515 quae
842 2435 1033 2515 expromsit
1049 2451 1111 2498 sua
1127 2434 1262 2514 quidem

153 2552 325 2614 sententia
347 2553 441 2614 certa
464 2568 571 2632 neque
594 2552 703 2631 dubia,
721 2570 859 2616 normas
876 2555 1053 2631 comparat
1068 2554 1103 2614 et
1118 2552 1262 2632 regulas

153 2683 239 2746 quas
272 2669 462 2732 accuratius
500 2673 697 2749 spectantes
734 2669 851 2733 comici
889 2669 984 2732 latini
1022 2685 1144 2732 versus
1181 2686 1262 2733 suos

152 2783 359 2864 pepigerunt.
409 2787 452 2849 Et
473 2790 700 2867 praeterquam
723 2787 813 2867 quod
829 2787 925 2850 latini
942 2787 1077 2866 longam
1094 2786 1262 2867 syllabam

150 2901 184 2964 in
214 2918 331 2966 omnes
359 2903 428 2967 fere
457 2904 549 2968 locos
579 2908 703 2984 praeter
725 2905 882 2968 ultimam
905 2904 1031 2968 thesim
1053 2921 1168 2969 eorum
1192 2922 1261 2968 ver·

151 3036 262 3098 suum,
285 3021 342 3101 qui
365 3022 398 3084 in
418 3023 572 3101 jamtum
594 3022 729 3096 cadunt,
753 3023 973 3101 admiserunt,
1004 3026 1038 3086 01
1066 3022 1163 3085 tinas
1186 3022 1262 3085 illas

151 3137 340 3201 brevitates
363 3139 468 3202 etiam
491 3140 524 3202 in
547 3140 663 3203 theses
686 3157 848 3203 versuum
866 3140 1113 3204 trochaicorum
1136 3156 1261 3218 recepe·

151 3257 240 3332 runt,
265 3256 354 3335 quod
378 3257 511 3335 quidem
536 3257 588 3319 liic
610 3257 730 3319 leviter
752 3258 852 3320 modo
880 3256 1175 3337 perstringendum
1197 3260 1261 3334 est,

151 3370 223 3433 haec
244 3371 313 3434 fere
337 3373 475 3450 invenit,
499 3375 620 3453 quihus
644 3375 768 3437 latinos
791 3391 811 3436 a
833 3375 951 3453 graecis
969 3375 1096 3438 distare
1115 3375 1261 3454 aliquan·

151 3490 226 3551 tum
250 3489 388 3553 statuit:

235 3608 266 3670 al
289 3606 407 3686 legem,
431 3625 533 3687 quam
556 3610 694 3672 vocavit
716 3609 872 3689 dipodiae;

236 3724 267 3794 hl
291 3724 394 3787 verba
416 3725 651 3805 monosyllaba
674 3730 710 3789 01
732 3744 752 3788 0
775 3727 840 3790 line
863 3744 1024 3790 versuum
1038 3725 1260 3804 Ι1001100000

151 3844 186 3903 01
209 3857 229 3903 0
252 3841 334 3918 1000,
358 3843 414 3921 qui
434 3846 488 3905 est
504 3845 584 3906 ante
600 3844 805 3907 trochaicam
822 3862 998 3923 caesuram,
1013 3845 1153 3908 exclusa
1168 3859 1259 3919 esse;

235 3961 263 4031 c)
296 3976 460 4022 caesuram
496 3960 701 4024 trochaicam
735 3962 823 4041 apud
859 3963 983 4025 latinos
1011 3960 1202 4025 ommatius
1226 3962 1260 4022 et

58 4075 61 4079 ’
151 4075 344 4157 diligentius
372 4078 589 4143 observatam
613 4096 812 4161 essequam
837 4081 926 4162 apud
948 4096 1092 4162 graec0s3
