2834 4596
1185 243 1223 306 31

153 413 245 493 apud
269 413 417 478 comicos
440 410 567 475 latinos
589 414 702 475 certas
725 411 815 490 leges
837 427 924 489 esse,
947 410 1069 491 quibus
1090 426 1175 475 usus
1198 410 1267 474 bre-

153 531 208 595 vis
232 529 376 609 syllabae
396 529 466 592 ictu
489 533 618 592 notatae
640 528 944 602 circumscribatur,
968 531 1007 591 ut
1028 528 1061 590 in
1083 527 1135 590 his
1150 527 1266 607 liguris

152 664 245 725 ,φ
286 664 427 725 „am
468 663 611 722 -υφ
636 644 768 720 ceteris,
791 660 899 724 neque
921 643 1003 707 mihi
1027 660 1092 707 non
1109 647 1164 707 est
1180 643 1267 709 satis

153 767 373 846 perspectum
404 762 583 828 commoda
615 762 672 826 illa
704 777 889 840 graecorum
922 759 965 823 ad
991 777 1195 825 consensum
1217 777 1267 824 ac·

153 884 274 946 centus
311 881 467 961 ictusque
505 880 539 942 in
572 878 732 942 brevibus
765 877 908 958 syllabis
940 877 1169 957 pertinentia,
1192 895 1267 959 quae

154 1016 258 1079 supra
291 998 325 1061 in
358 997 504 1061 medium
538 995 753 1076 protulimus,
777 1011 816 1058 eo
839 1011 904 1058 111
928 1010 1030 1075 posse
1054 1011 1119 1058 non
1142 994 1267 1074 minui;

153 1115 212 1181 sed
234 1114 353 1180 eodem
378 1131 399 1177 a
421 1113 502 1188 loco,
527 1129 593 1193 quo
616 1112 825 1191 (lorsseniuS,
847 1111 988 1193 profecti
1002 1112 1094 1192 leges
1109 1111 1186 1176 illas
1198 1111 1267 1176 Rit-

153 1232 345 1296 schelianas
375 1230 563 1308 omisimus
596 1229 836 1309 quoniam‘ille
868 1246 912 1293 ex
937 1229 1133 1310 quantitate
1155 1230 1268 1294 omnia

154 1349 300 1415 metiens
323 1351 523 1428 ceterasque
545 1363 645 1410 curas
667 1346 839 1427 abjiciens
862 1364 967 1427 quum
989 1350 1171 1427 utramque
1193 1353 1267 1428 poe·

153 1467 219 1531 sim
241 1466 359 1531 iisdem
383 1465 513 1546 legibus
535 1464 605 1544 regi
627 1465 763 1540 statuit,
787 1463 880 1544 leges
902 1464 978 1528 illas
1001 1465 1131 1545 spernit
1154 1469 1189 1529 et
1204 1481 1267 1528 nos

155 1583 245 1660 cogit
262 1582 493 1651 demonstrare
516 1598 563 1659 se,
586 1581 723 1645 etiarnsi
745 1581 788 1645 ab
810 1582 938 1656 eodem,
962 1599 1028 1663 quo
1041 1582 1106 1660 ille,
1120 1581 1267 1663 proficis

155 1699 252 1776 caris,
274 1703 364 1765 recte
381 1717 445 1764 non
462 1699 630 1763 statuisse
645 1715 764 1779 neque,
781 1700 869 1780 quod
886 1700 1000 1778 vellet,
1016 1700 1266 1781 comprobasse,

153 1817 187 1883 Si
219 1817 310 1882 enim
342 1817 398 1881 lex
431 1817 638 1898 quantitatis
671 1833 947 1898 unamquamque
979 1818 1159 1898 syllabam,
1192 1835 1267 1899 quae

152 1934 297 2016 quidem,
320 1934 350 1999 si
373 1934 486 1999 brevis
510 1938 574 2014 est,
598 1939 678 1999 ante
702 1937 839 1999 brevem
862 1935 977 2015 posita
1000 1936 1056 2015 sit,
1080 1936 1149 2000 ictu
1164 1952 1267 2016 posse

151 2053 263 2118 notari
294 2052 401 2133 jubet,
435 2069 542 2133 neque
576 2052 717 2117 ultimas
751 2052 877 2133 excipit
905 2069 1012 2134 neque
1038 2053 1266 2134 paenultimaS,

150 2170 184 2234 in
207 2170 332 2251 lingua,
356 2186 458 2250 quam
487 2171 693 2250 quantitatis
725 2170 830 2235 solius
854 2171 1041 2236 contendas
1063 2188 1140 2235 esse
1162 2171 1266 2236 colen·

151 2290 233 2367 tem,
256 2305 362 2368 quum
384 2287 416 2351 ln
441 2287 572 2352 duabus
592 2288 714 2368 linguis
730 2288 827 2367 ratio,
844 2306 919 2369 quae
935 2305 1137 2353 consensum
1152 2288 1266 2369 efficit,

152 2407 379 2485 comparetur,
402 2408 534 2468 ceteras
557 2404 648 2486 leges
671 2406 814 2470 omittas
837 2407 873 2470 et
895 2406 959 2470 hoc
983 2409 1120 2471 tanturn
1145 2407 1266 2487 disqui-

151 2539 209 2586 ras
242 2538 380 2586 necesse
413 2525 477 2600 est,
511 2525 590 2587 utra
622 2523 735 2603 lingua
768 2522 974 2604 quantitatis
1000 2519 1110 2587 solum
1135 2524 1265 2605 legibus

154 2639 347 2702 observatis
369 2640 478 2720 magis
494 2639 538 2703 ad
553 2658 755 2705 consensum
773 2641 867 2706 illurn
884 2641 1094 2705 efficiendum
1111 2645 1193 2722 apta
1209 2643 1265 2706 111.

215 2775 220 2779 ·
238 2753 353 2834 Neque
375 2773 455 2822 vero
479 2757 539 2820 hoc
562 2774 617 2822 me
639 2757 759 2823 fefellit
781 2759 815 2821 in
838 2758 1038 2823 hexametro
1061 2759 1181 2823 melius
1196 2759 1266 2824 fere

153 2889 231 2936 esse
263 2872 305 2936 ad
341 2875 562 2954 concordiam,
594 2875 622 2938 11
656 2865 778 2940 breves
806 2876 957 2956 syllabae,
980 2893 1083 2956 quum
1106 2876 1151 2940 ibi
1174 2894 1265 2942 num·

152 3007 254 3071 quam
289 2991 358 3055 ictu
386 2991 477 3055 feriri
504 2993 647 3073 possint,
670 2993 774 3058 etiarn
797 2994 909 3057 minus
933 3010 1024 3074 saepe
1046 2998 1186 3058 accentu
1211 3012 1265 3059 no·

151 3109 283 3188 tentum
305 3109 339 3172 11
362 3111 472 3173 metro
495 3109 561 3189 illo,
585 3110 614 3174 si
636 3111 756 3175 breves
773 3111 871 3176 modo
887 3111 1040 3191 syllabas
1056 3115 1264 3192 spectamus

151 3241 280 3304 graecos
312 3241 433 3290 censeo
468 3227 584 3292 latinis
616 3228 871 3307 posthabendos
904 3245 989 3293 esse.
1034 3229 1098 3293 Sed
1121 3228 1155 3293 in
1177 3229 1266 3294 hunc

151 3357 320 3424 campum,
343 3343 502 3423 quoniam
527 3362 639 3408 meum
662 3361 727 3410 non
751 3349 807 3409 est
829 3346 1048 3410 hexametros
1069 3345 1264 3426 disquirere,

150 3457 298 3522 alienum
331 3461 411 3523 mihi
445 3461 557 3524 visum
591 3464 645 3524 est
680 3461 889 3526 descendere.
943 3463 1101 3526 Ceterum
1123 3481 1165 3528 ue
1193 3464 1265 3528 haec

151 3575 286 3655 quidem
308 3577 513 3657 praestantia
536 3577 718 3641 latinorum
741 3596 818 3641 cum
842 3571 994 3642 clausula
1009 3578 1067 3644 illa
1083 3580 1265 3660 coniuncta

150 3690 264 3772 efficit,
286 3697 325 3756 ut
347 3693 559 3773 aliquantum
583 3711 604 3757 a
625 3694 744 3774 graecis
768 3694 864 3758 latini
880 3695 1070 3760 hexametri
1085 3697 1262 3763 distarent.

234 3809 569 3891 Animadversiones‚
603 3827 688 3891 quas
723 3812 922 3876 Corssenius
944 3811 986 3876 ad
1015 3830 1087 3877 reru
1112 3815 1264 3879 criticam

150 3926 326 3992 Ritschelii
348 3945 369 3992 a
391 3928 523 3993 ratione
546 3927 604 3992 illa
626 3933 787 3993 accentus
810 3929 1059 3994 observationis
1076 3930 1264 4010 prolectam

150 4041 240 4116 lecit,
268 4045 395 4109 missas
422 4045 495 4126 jam
517 4044 692 4110 faciainus.
737 4047 825 4111 Nam
848 4047 957 4128 quoad
981 4048 1014 4110 11
1037 4047 1147 4111 medio
1170 4047 1263 4110 relin-
