2834 4596
189 247 230 311 30

147 413 279 494 singula
300 413 643 494 efficiant,·quoniam
666 412 798 477 difficile
820 415 875 477 est
898 413 940 477 ad
963 413 1257 493 perscrutandum,

146 548 241 610 paene
263 530 332 594 fieri
353 547 419 594 non
435 532 561 610 potest,
585 532 632 608 ut,
649 529 729 609 quid
745 530 858 593 omnia
873 529 974 593 simul
990 530 1147 604 efficiant,
1165 533 1258 595 certe

146 647 317 727 diJudiceS,
340 647 359 712 i.
383 662 411 711 e.
434 650 513 711 utra
535 646 648 727 lingua
670 650 809 726 propter
831 663 929 710 suam
953 649 1160 711 structuram
1184 663 1257 710 con·

144 764 266 828 cordia
297 763 344 827 illi
377 763 486 842 magis
519 762 646 836 faveat,
680 763 801 827 melius
828 763 892 827 erit
926 762 1075 828 fortasse
1097 780 1257 843 eampum

145 881 409 960 circumspicere,
439 880 496 944 ubi
518 896 604 959 opus
628 879 717 960 apud
744 883 928 960 utrumque
951 882 1113 960 populum
1136 883 1257 948 iisdem

145 998 273 1062 normis
295 997 495 1061 institutum
517 996 680 1075 invenias,
704 999 752 1075 ut,
767 997 796 1060 si
812 997 925 1060 omnia
940 997 1118 1079 utriusque
1133 998 1257 1080 linguae

145 1114 280 1195 propria
302 1114 403 1178 libere
426 1113 496 1177 sint
518 1113 663 1193 agentia,
687 1130 753 1177 uno
771 1117 887 1178 tamen
903 1118 938 1178 et
953 1115 1070 1179 eodem
1088 1120 1256 1197 spectato,

145 1230 224 1312 quid
256 1231 369 1296 omnia
398 1230 456 1295 illa
488 1230 589 1294 simul
621 1230 779 1310 efficiant,
814 1230 1033 1311 intelligatur.
1086 1233 1197 1297 Unum
1219 1237 1256 1298 et

144 1347 242 1426 idern,
266 1349 353 1429 quod
377 1349 547 1429 utrimque
570 1348 794 1428 spectandum
816 1349 890 1427 erit,
914 1349 1092 1429 quantitas
1114 1354 1179 1414 est.
1221 1350 1256 1415 Si

144 1467 246 1546 igitur
267 1465 421 1530 invenias
443 1465 541 1547 quasi
562 1466 743 1546 regionem,
764 1465 855 1530 intra
870 1483 973 1546 quarn
988 1467 1166 1547 quantitas
1181 1469 1257 1533 sola

145 1587 329 1664 spectetur,
361 1586 398 1647 et
431 1584 475 1648 ihi
508 1583 720 1648 concordiam
753 1583 930 1664 utriusque
962 1584 1085 1666 linguae
1113 1586 1256 1651 eandem

143 1701 212 1765 fere
245 1718 322 1766 esse
356 1701 564 1779 ostendetur,
599 1704 672 1765 tum
707 1700 938 1765 difficillimum
967 1702 1031 1766 erit
1053 1703 1257 1768 contendere

144 1819 274 1883 ratione
308 1836 371 1883 sua
393 1818 578 1883 eoncordia
600 1819 710 1898 magis
733 1818 846 1884 favere
869 1820 1072 1883 alterutram
1095 1820 1256 1901 linguam,

144 1953 251 2018 neque
272 1954 375 2017 posse
397 1954 472 2001 earn
497 1936 709 2001 concordiam
742 1936 873 2000 evitari.
927 1937 1015 2002 Nam
1048 1937 1162 2001 omnia
1187 1937 1256 2015 illa,

143 2072 219 2134 quae
241 2054 360 2136 quanti
383 2071 443 2134 pro
465 2071 504 2118 se
526 2053 671 2135 quidque
687 2056 814 2132 essent,
830 2053 1002 2118 aestimare
1018 2054 1255 2120 difficillimum

142 2175 226 2251 erat,
249 2190 293 2237 ex
316 2189 366 2243 eo,
389 2172 477 2253 quod
500 2173 703 2253 conjunctim
728 2172 887 2247 efficiunt,
907 2171 1061 2237 facillime
1074 2172 1257 2252 judicanda

142 2293 233 2356 sunt.
277 2291 321 2354 Et
353 2293 408 2354 est
440 2290 493 2354 hic
523 2307 675 2370 campus,
698 2306 857 2354 versuum
882 2289 954 2353 dico
977 2289 1255 2355 hexametrorum

142 2410 177 2472 et
210 2407 442 2472 trimetrorum
475 2409 619 2472 Senecae.
664 2406 772 2488 Quid?
806 2407 844 2486 si,
875 2410 914 2471 ut
943 2425 1047 2488 supra
1070 2414 1134 2486 est,
1165 2397 1255 2487 apud

143 2525 303 2590 Senecam
332 2525 473 2590 eandem
501 2524 570 2590 fere
599 2525 860 2605 discrepantiam
889 2501 993 2606 atque
1015 2526 1105 2606 apud
1127 2543 1256 2606 graeoos

142 2643 357 2706 invenimus?
381 2643 410 2707 si
432 2644 466 2706 in
489 2643 699 2707 hexametris
721 2642 837 2706 latinis
860 2643 975 2723 paullo
1000 2645 1186 2708 minorem?
1216 2645 1255 2708 Iu

143 2760 265 2840 quihus
288 2761 409 2825 mirum
433 2761 583 2841 proiecto
606 2760 806 2841 quantulam
826 2761 1011 2842 reperimus
1029 2762 1254 2840 concordiam,

143 2896 258 2959 quum,
282 2881 321 2942 ut
344 2878 494 2942 ostendit
516 2896 595 2943 vere
618 2879 828 2956 Corssenius,
851 2879 1003 2944 clausula
1026 2880 1127 2960 hujus
1157 2880 1281 2944 metri·

143 3013 277 3076 semper
300 2994 368 3060 fere
391 2995 419 3060 ei
443 2997 569 3061 faveat.
614 2996 650 3061 sl
677 2996 778 3077 igitur
806 2999 888 3061 ante
909 3000 1001 3062 recte
1023 2997 1255 3078 disputavero,

142 3113 256 3194 lingua
282 3113 389 3178 latina
416 3114 547 3177 ratione
576 3118 613 3177 et
641 3117 817 3178 structura
839 3131 904 3178 sua
927 3132 992 3179 non
1016 3114 1126 3195 magis
1150 3132 1254 3195 quarn

141 3247 251 3310 graeca
284 3231 468 3296 concordiae
500 3233 660 3295 accentus
693 3231 847 3312 ictusque
877 3232 992 3297 favere
1015 3232 1166 3312 putanda
1189 3235 1254 3296 est.

142 3347 260 3421 Nonne
288 3348 349 3411 hoc
372 3348 400 3411 si
424 3348 689 3427 consideramus,
713 3349 788 3429 jure
811 3349 957 3429 quodam
982 3350 1166 3415 verendum
1188 3352 1254 3430 est,

141 3481 183 3528 ne
211 3465 289 3545 quid
317 3465 349 3528 in
376 3465 544 3542 versibus
571 3465 627 3546 qui
660 3465 806 3546 speciem
829 3483 899 3546 prae
921 3483 959 3531 se
981 3467 1092 3530 ferant
1114 3484 1255 3547 prorsus

142 3581 351 3662 dissimilem,
384 3582 530 3648 alterum
564 3600 696 3664 quoque
730 3587 853 3663 praeter
886 3584 1114 3663 quantitatem
1143 3587 1255 3664 poetae

142 3700 400 3780 spectaverint?

224 3818 420 3898 Antequam
450 3817 666 3881 Corssenium
688 3817 918 3897 relinquimus
948 3818 1254 3899 reprehensionem,

142 3935 281 4015 nequis
304 3934 394 3999 forte
416 3935 449 3999 in
474 3951 535 3998 nos
558 3934 714 4015 conjiciat
735 3934 900 4015 duplicem
924 3935 971 3999 rei
992 3935 1157 4015 gravioris
1180 3952 1254 4017 neg·

142 4051 248 4132 lectae,
281 4070 472 4133 praecavere
506 4053 617 4117 velim.
677 4053 793 4134 Neque
826 4053 913 4116 enim
949 4052 1064 4133 ignoro
1098 4052 1254 4133 equidem
