2834 4596
1177 233 1218 296 63

149 403 391 483 longitudinem
424 402 594 483 quandam
627 401 787 465 habuisse
821 400 908 464 satis
938 403 1091 480 apparet,
1124 416 1260 480 praeser·

150 523 212 585 tim
238 538 342 600 quum
365 538 424 583 eas
448 519 616 583 interdum
640 512 679 582 nt
701 519 820 598 longas
842 518 1069 582 tractaverint
1092 521 1212 596 poetae.

233 638 301 700 Sua
324 648 445 716 sponte
466 637 537 715 jam
561 636 658 699 nobis
681 635 826 699 <occurrit
848 635 1002 714 quaestio,
1038 651 1128 713 num,
1164 633 1190 697 si
1215 633 1260 696 ul·

149 755 254 818 timas
278 754 535 827 semoverimus
559 754 679 816 breves
703 752 845 832 syllaba
864 769 929 815 non
946 752 1258 831 receperintictum

149 872 214 935 nisi
237 873 456 935 accentuatae.
501 871 538 933 ld
561 870 590 932 si
614 855 812 941 statuimus,
847 871 882 933 et
914 869 977 932 hoc
1009 869 1074 932 erit
1108 869 1261 932 statuen-

151 989 231 1052 dum
253 988 465 1067 temporibus
496 987 607 1051 Plauti
642 1003 681 1050 ac
715 986 862 1050 Terentii
896 985 1012 1049 sedem
1045 987 1205 1049 accentus
1228 984 1260 1047 in

152 1106 311 1169 brevibus
345 1104 487 1186 syllabis
525 1103 773 1184 quodammodo
810 1103 973 1166 incertam
1003 1101 1119 1165 fuisse.
1173 1102 1261 1166 Nam

151 1240 218 1286 uon
242 1223 352 1287 minus
375 1223 438 1286 has
472 1221 600 1285 formas
628 1220 835 1284 invenimus:
873 1217 1061 1297 miseriae,
1095 1217 1261 1295 redierit,

152 1356 254 1421 quam
288 1341 364 1404 bas:
399 1338 573 1418 ’miseriae’,
609 1337 774 1402 ’redierit’.
830 1338 881 1402 Ac
914 1337 943 1400 si
977 1337 1111 1419 probari
1145 1339 1262 1416 potest

153 1458 299 1538 priorem
322 1457 413 1520 illam
438 1456 597 1520 rariorem
621 1472 698 1519 esse
720 1455 809 1536 apud
834 1455 1029 1519 Terentium
1052 1470 1155 1534 quarn
1174 1453 1262 1533 apud

153 1575 322 1653 Plautum,
360 1573 448 1653 quod
472 1573 717 1654 quaestionibus
740 1573 867 1637 nostris
894 1573 1058 1636 minorem
1086 1572 1263 1651 utriusque

153 1690 347 1754 fabularum
371 1708 548 1754 numerum
578 1690 829 1754 continentibus
862 1690 1034 1754 invenisse
1055 1689 1154 1753 nobis
1176 1688 1263 1752 vide·

153 1826 238 1886 mur,
260 1809 324 1872 hoc
347 1811 585 1888 argumentum
614 1807 793 1888 quoddam,
818 1808 1166 1888 quantulumcumque
1189 1805 1263 1880 eritss

153 1928 315 2006 putemus
351 1925 466 1989 sedem
500 1928 661 1988 accentus
695 1925 847 1989 brevium
882 1925 1015 2005 quidem
1052 1924 1263 2005 syllabarum

153 2046 258 2107 aetate
291 2043 394 2106 etiam
429 2042 632 2107 comicorum
666 2042 837 2107 variatam
864 2058 940 2107 esse
968 2045 1004 2106 et
1027 2042 1153 2106 sensim
1176 2041 1263 2106 itum

154 2185 231 2231 esse
254 2168 295 2231 ad
320 2167 518 2248 posterioris
541 2167 656 2231 aetatis
680 2167 909 2237 constantiam
945 2168 1013 2241 (cfr.
1044 2148 1263 2248 ’lenest1·um'‚

154 2274 386 2357 'nrbnestrmn'
411 2291 500 2372 apud
523 2291 704 2364 Plautum).
739 2286 865 2373 Quodsi
887 2294 950 2358 hoc
967 2294 1059 2358 nullo
1082 2294 1181 2358 modo
1197 2297 1263 2358 sta·

154 2411 203 2475 tui
227 2411 314 2490 licet,
348 2411 460 2474 nimiae
490 2413 607 2474 tamen
631 2426 696 2473 non
719 2413 774 2475 est
797 2411 947 2475 audaciae
969 2413 1089 2476 breves
1112 2411 1264 2493 syllabas

154 2529 203 2592 ita
226 2532 374 2608 tantum,
398 2529 426 2592 si
449 2531 661 2592 accentuatae
687 2532 805 2593 essent
827 2530 881 2592 vel
905 2529 983 2593 olim
1007 2533 1149 2594 accentu
1173 2545 1263 2594 occu·

154 2650 245 2727 patae
268 2647 424 2725 luissent,
458 2646 701 2727 longitudinem
724 2647 895 2727 quandam
918 2647 1094 2727 obtulisse,
1128 2665 1203 2729 qua
1225 2648 1265 2712 ic·

155 2763 206 2826 tui
228 2763 348 2827 idonea
376 2767 479 2834 esset.
507 2763 721 2828 contendere:
755 2764 805 2827 ita
833 2782 899 2828 non
927 2781 1131 2828 consensum
1153 2753 1265 2830 accen

154 2884 212 2944 tus
234 2880 399 2962 ictusque,
423 2881 481 2946 sed
504 2882 681 2961 rationem,
706 2899 808 2963 quam
830 2882 940 2946 effecit
956 2885 1126 2956 accentus
1150 2882 1263 2946 brevis
1348 2870 1351 2873 ’

156 2998 298 3077 syllabae
321 3003 514 3080 spectatam
537 3017 622 3064 esse.
668 2999 987 3080 Quomodocumque
1013 3016 1068 3064 res
1092 3017 1128 3063 se
1152 2999 1265 3070 habet,

156 3118 216 3178 aut
240 3131 303 3177 sua
327 3118 387 3178 aut
409 3116 550 3180 effectus
573 3117 625 3180 sui
652 3117 763 3196 gratia
791 3120 951 3181 accentus
974 3134 994 3180 a
1017 3116 1153 3180 comicis
1176 3133 1265 3196 spec-

156 3231 221 3295 tari
245 3231 418 3311 putandus
440 3236 504 3296 est.

240 3348 491 3428 Quaestionibus
523 3353 730 3431 trnplcornnt
762 3368 946 3431 graecorum
975 3351 1037 3414 hoc
1070 3349 1265 3429 exprompsi

156 3467 189 3529 in
213 3465 439 3530 solutionibus
461 3468 589 3531 arsiurn
613 3469 675 3531 has
698 3469 876 3532 incisiones
899 3467 1088 3548 saepissime
1110 3466 1266 3547 usurpari

154 3618 196 3660 0
227 3580 361 3663 ilem,
393 3584 499 3649 ictum
534 3584 636 3664 igitur
669 3600 804 3648 summo
837 3602 953 3648 amore
991 3585 1134 3665 primam
1172 3584 1266 3648 verbi

158 3703 292 3764 brevem
318 3717 467 3782 quaerere
490 3701 668 3783 syllabam,
692 3701 778 3764 hanc
799 3704 915 3765 autern
937 3700 1082 3782 figuram
1105 3701 1265 3765 rariorem

156 3837 233 3883 esse
259 3855 301 3898 -0
319 3849 356 3896 ρ,
374 3867 424 3897 υ.
468 3820 542 3884 Hoc
570 3819 613 3882 ad
636 3818 762 3882 latinos
786 3817 995 3882 transferens
1015 3817 1138 3881 credidi
1165 3822 1200 3882 et
1222 3817 1267 3881 ibi

157 3923 305 4007 primam
334 3929 428 3994 verbi
462 3929 629 4010 syllabam
653 3929 722 3993 ictu
744 3945 821 3992 esse
844 3931 997 3992 amatam
1020 3931 1055 3991 et
1077 3929 1205 3993 abhoc
1227 3929 1266 3992 ic·

158 4043 215 4101 tus
244 4039 357 4102 studio
386 4039 597 4105 concordiam
620 4043 760 4120 propter
781 4038 872 4119 leges
895 4041 1056 4101 accentus
1080 4038 1200 4117 liuguae
1223 4037 1266 4100 la·
