2834 4596
250 252 290 315 24

221 440 248 453 „
291 419 446 501 Namque
474 420 563 501 apud
586 420 711 486 latinos
735 439 838 503 quum
861 423 997 502 longam
1021 421 1253 502 paenultimam
1277 422 1316 484 ic·

208 538 439 620 tus‘spernit,
472 539 585 603 subito
618 555 753 620 semper
787 541 903 605 evadit
940 541 1181 621 discrepantia
1217 542 1253 602 et
1288 539 1317 601 si

208 657 314 721 ictum
329 660 411 721 nota
427 648 616 736 ‘notamus
635 661 812 722 accentum
829 651 918 736 hac,
934 659 996 722 has
1013 658 1203 721 invenimus
1219 656 1316 737 quasi

654 894 929 977 wlff-*-
1013 894 1288 976 ssssellvv

237 1031 512 1113 vollvsse
535 1029 602 1113 liv
692 1033 866 1114 Leto

223 1269 237 1291 „
280 1219 341 1287 ¹Ut
373 1221 529 1300 exempla
562 1222 714 1287 afferam:
751 1220 966 1302 persuadent,
1000 1222 1109 1300 stulti,
1144 1218 1318 1293 iaciamus,

208 1336 390 1416 persuadet
412 1311 482 1418 ille,
516 1338 729 1403 familiariter
761 1342 979 1419 (quamquam
1010 1339 1151 1402 verbum
1179 1337 1320 1402 illudet

209 1453 344 1519 similia.
365 1457 428 1521 hoc
460 1458 561 1522 modo
588 1458 657 1523 ictu
687 1473 871 1536 numquam
895 1460 1076 1535 potantum
1110 1455 1169 1520 sed
1193 1459 1319 1534 tamen,

209 1570 239 1636 si
272 1590 372 1637 usum
404 1592 491 1655 uon,
505 1579 711 1658 spectamus
744 1574 884 1655 intelligi
906 1576 1044 1655 potest),
1079 1573 1133 1637 vel
1155 1573 1319 1637 iaciamus

213 1669 308 1769 illud,
334 1689 465 1756 irrictds
491 1675 555 1758 est.

294 1847 324 1911 A
352 1847 461 1928 prima
486 1849 543 1913 illa
565 1853 604 1914 ut
626 1849 785 1915 facillima
808 1848 987 1913 ordiamur.
1032 1849 1068 1912 ln
1092 1849 1322 1930 verbeigitur

209 1963 390 2030 molossico
424 1967 513 2031 ictus
546 1985 642 2048 aeque
673 1967 830 2031 ultimam
867 1984 907 2030 ac
939 1967 1172 2048 paenultnnam
1201 1971 1319 2032 notare

209 2084 339 2162 potest3
363 2083 487 2164 Oergo
510 2086 690 2149 verborum
712 2088 835 2149 notant
857 2085 1092 2166 paenultimam
1109 2087 1144 2163 L,
1164 2087 1318 2149 ultimam

209 2201 322 2263 cetera
345 2201 370 2264 L
378 2221 385 2280 ;
408 2219 486 2266 nam
510 2202 687 2283 utriusque
711 2203 767 2278 rei,
789 2203 975 2268 utratione
990 2207 1128 2267 utemur
1144 2203 1321 2282 Corssenii,

210 2315 347 2381 dimidia
369 2318 439 2382 fere
462 2320 730 2385 verisimilitudo·
744 2325 807 2386 est.
847 2321 1073 2402 Quamobrem
1090 2321 1177 2401 apud
1195 2321 1320 2384 latinos

210 2448 413 2499 consensum
436 2434 595 2502 accentus
617 2440 774 2520 ictusque
789 2439 941 2520 praebent
957 2440 992 2518 L,
1010 2440 1035 2503 L
1051 2439 1119 2503 fere
1135 2438 1321 2518 discrepan-

210 2551 303 2616 tiam.
349 2555 448 2634 Apud
481 2562 608 2635 graecos
636 2556 665 2620 si
692 2557 836 2621 totidem
858 2558 962 2621 verba
984 2573 1061 2621 esse
1084 2557 1218 2636 longam
1242 2573 1322 2635 prae·

210 2671 325 2735 tentia
347 2670 581 2752 paenultimam
605 2677 743 2739 statuas
767 2675 785 2738 i.
809 2691 836 2738 e.
859 2675 894 2752 C,
915 2674 1088 2738 dimidiam
1103 2673 1172 2737 fere
1187 2676 1320 2753 partem

209 2781 228 2851 i.
258 2808 285 2855 e.
313 2791 339 2855 L
366 2793 600 2872 paenultimam
628 2792 794 2857 acuentia-
817 2793 980 2871 invenias,
1016 2793 1160 2855 alteram
1184 2808 1259 2868 nun,
1283 2793 1322 2854 ut

211 2925 314 2988 supra
347 2909 547 2974 Corssenius
582 2910 841 2974 demonstravit.
885 2910 968 2974 Dein
991 2910 1109 2991 partis,
1133 2927 1208 2989 quaa
1231 2908 1323 2971 acuit

210 3026 454 3106 paenultimam,
489 3027 624 3091 dimidia
651 3028 670 3091 i.
700 3045 727 3091 e.
759 3027 863 3091 XXV
885 3028 991 3091 ictum
1008 3027 1054 3090 -in
1076 3026 1321 3107 paenultimam,

211 3143 347 3208 dimidia
380 3144 461 3208 item
495 3145 599 3208 XXV
631 3147 664 3210 in
697 3146 854 3209 ultimam
890 3145 1024 3225 recipit32
1058 3144 1114 3207 illa.
1140 3160 1218 3223 ergo
1242 3159 1322 3222 pars

211 3261 422 3326 concordiam
456 3251 660 3344 assequitur,
694 3262 766 3328 haec
799 3267 913 3327 autem
947 3261 1157 3326 discordiam.
1202 3260 1323 3324 Cetera

210 3379 249 3458 L,
270 3397 345 3460 quae
360 3397 427 3444 non
443 3384 570 3444 acuunt
586 3381 830 3460 paenultimam,
851 3398 914 3444 non
936 3381 1083 3461 possunt
1098 3395 1163 3440 non
1181 3380 1323 3440 accentu

211 3500 330 3562 notam
353 3497 527 3577 ultimam;
550 3501 585 3562 et
607 3499 640 3562 in
664 3499 716 3562 his
738 3502 855 3579 potest
872 3499 960 3561 ictus
976 3515 1053 3561 cum
1069 3496 1190 3559 ultima
1206 3495 1321 3573 toties,

212 3610 434 3695 quotiescum
449 3616 648 3696 paenultima
662 3615 766 3695 coire;
783 3615 919 3679 dimidia
934 3631 1014 3695 pars
1030 3613 1131 3693 igitur
1143 3613 1162 3676 i.
1177 3628 1203 3676 e.
1218 3611 1322 3676 XXV

211 3715 423 3797 concordiam
459 3733 619 3812 efficiunt,
656 3733 799 3797 totidem
837 3731 1108 3813 discrepantiam.
1167 3730 1322 3793 Profecto

211 3849 313 3930 igitur
334 3853 370 3915 et
392 3851 480 3930 apud
504 3869 631 3932 graecos
654 3852 687 3914 in
710 3867 846 3914 summa
868 3849 1116 3913 eOvocabulis
1131 3848 1323 3911 molossicis

212 3969 237 4032 L
259 3968 470 4032 concordiam
498 3969 661 4049 praebent,
684 3968 945 4048 discrepantiam
967 3970 1079 4031 cetera
1102 3967 1137 4045 L,
1161 3967 1211 4030 ita
1233 3983 1322 4045 pror·

212 4101 282 4164 sus,
315 4089 354 4150 ut
387 4086 476 4167 apud
509 4087 643 4151 latinos.
695 4086 823 4167 Quippe
847 4086 936 4166 quod
961 4102 1027 4149 una
1049 4102 1153 4148 manu
1177 4084 1324 4148 donatur
