2834 4596
543 432 726 497 Concordia
752 493 754 497 ,
976 436 1148 501 Discordia

295 1622 310 1645 ,
524 1572 561 1634 12
734 1573 771 1634 12
941 1574 981 1637 24

253 1697 396 1762 summa

234 1840 530 1921 Hyper-disyllabis
563 1840 665 1921 igitur
697 1857 739 1904 ex
769 1842 831 1904 288
859 1841 1032 1906 duodecim
1059 1843 1266 1924 plusquam

151 1957 323 2022 dimidiam
347 1961 481 2038 partem
502 1957 713 2022 concordiam
738 1958 869 2023 efficere
891 1959 979 2040 apud
1009 1959 1145 2038 16111166,
1173 1961 1266 2040 apud

151 2093 279 2158 graecos
302 2093 370 2140 una
391 2079 427 2140 et
449 2075 568 2156 viginti
590 2074 701 2138 minus
717 2092 820 2156 quam
838 2076 931 2141 illam
946 2080 1080 2158 partem
1097 2077 1265 2143 videmuS.

152 2192 248 2273 Quod
271 2194 300 2256 si
322 2209 361 2258 eo
384 2193 464 2256 lanx
487 2209 671 2272 graecorum
695 2193 903 2274 deprimitur,
928 2194 960 2258 id
984 2212 1048 2258 uon
1073 2199 1128 2259 eet
1150 2195 1266 2261 oblivi-

153 2310 313 2375 scendum
337 2327 437 2374 voces
458 2309 624 2389 jambicas
646 2311 680 2374 in
702 2328 779 2374 eum
801 2310 927 2393 imponi
951 2329 1062 2392 posse,
1091 2330 1156 2392 quo
1179 2312 1267 2377 libra

152 2427 290 2508 paribus
307 2427 511 2508 ponderibus
529 2428 752 2492 examinetur.
785 2429 815 2492 N
817 2446 874 2493 am
890 2429 1068 2494 discrimen
1084 2430 1175 2509 illud,
1196 2447 1266 2511 quo

152 2562 279 2626 graecos
312 2544 408 2610 latini
442 2547 615 2626 superant,
650 2550 705 2611 est
733 2546 837 2611 trium
863 2550 898 2611 et
920 2547 1061 2627 triginta
1082 2548 1266 2611 verborum

152 2664 171 2728 i.
195 2681 222 2728 e.
247 2663 396 2727 omnium
419 2663 769 2745 hyperdisyllaborum
794 2667 917 2728 octava
939 2664 1008 2728 iere
1036 2681 1130 2744 parm
1165 2667 1201 2728 et
1229 2664 1263 2728 in

154 2781 330 2862 disyllabis
353 2781 465 2845 verbis
487 2781 530 2860 id,
553 2799 618 2862 quo
641 2781 739 2862 graeci
767 2781 809 2845 ad
836 2781 1047 2846 concordiam
1071 2781 1264 2861 vincebant,

153 2903 277 2964 octava
298 2898 404 2964 etiam
426 2899 495 2964 iere
511 2916 591 2979 pars
608 2898 687 2978 fuit3
711 2899 828 2963 eodem
844 2899 947 2979 igitur
962 2898 1062 2962 modo
1078 2898 1265 2963 concordia

152 3020 298 3097 utraque
319 3016 433 3096 lingua
455 3016 599 3080 forsitan
623 3016 750 3080 faveat.

236 3134 317 3215 Quae
338 3134 426 3198 ratio
443 3150 519 3198 mea
542 3133 570 3197 si
593 3151 658 3197 non
675 3133 797 3197 certior
812 3136 867 3197 est
883 3150 983 3213 quam
1001 3133 1122 3211 Meieri‚
1145 3134 1265 3197 tamen

152 3252 300 3333 undique
333 3252 442 3332 magis
475 3252 641 3331 conquirit
673 3252 768 3316 initia
801 3255 904 3331 atque
937 3267 1055 3314 omnes
1088 3252 1204 3330 partes
1228 3252 1265 3313 et

153 3369 331 3434 commoda
353 3369 531 3449 utriusque
553 3369 674 3450 linguae
693 3373 728 3433 et
744 3369 949 3433 detrimenta
971 3367 1161 3432 accuratius
1177 3383 1264 3430 oom-

152 3488 261 3568 parat.
306 3486 422 3566 Neque
455 3490 519 3563 est,
553 3486 615 3551 hoc
647 3486 850 3551 contendere
879 3486 999 3556 ausim,
1022 3485 1135 3549 minus
1159 3486 1263 3548 certa.

153 3605 365 3685 Quamquam
388 3604 474 3668 hanc
496 3603 589 3668 illam
611 3603 906 3668 ratiocinationem
926 3603 1062 3666 dubiam
1078 3601 1132 3665 vel
1148 3600 1264 3682 potius

153 3720 276 3785 falsam
303 3738 380 3785 esse
407 3721 496 3785 haud
526 3721 659 3786 difficile
686 3725 741 3785 est
768 3722 810 3784 ad
833 3721 1130 3801 commutandum.
1175 3718 1262 3782 Nam

153 3838 426 3919 discrepantiam,
461 3840 560 3903 modo
593 3839 680 3903 ratio
714 3838 772 3902 illa
805 3855 886 3902 vera
920 3842 1023 3916 66661,
1047 3837 1174 3901 areium
1197 3853 1264 3899 om·

153 3956 245 4020 nium
269 3957 357 4037 apud
380 3974 508 4039 graecos
531 3957 668 4021 dimidia
689 3956 758 4021 fere
781 3974 861 4037 pars
884 3959 1064 4037 praeberem
1093 3953 1198 4038 atqui,
1226 3958 1265 4017 ut

152 4074 344 4140 numeraria
361 4076 493 4142 ratione
506 4074 705 4142 Oorssenius
722 4074 982 4155 demonstravit,
1003 4093 1150 4155 pugnam
1169 4070 1262 4135 illam
1346 4078 1347 4082 ’
