2834 4596
233 261 273 324 54

191 446 278 506 mus,
311 429 448 493 minime
482 445 571 493 nova
604 427 701 491 nobis
728 429 783 491 est
805 427 954 490 eruenda
975 443 1088 503 causa,
1115 425 1174 490 sed
1198 423 1302 488 solita

191 564 249 628 illa
271 570 306 628 et
328 581 423 644 paene
446 563 488 627 ad
511 563 710 626 satietatem
727 561 925 625 decantata:
949 565 1100 624 ocreatus
1113 578 1198 624 curu
1213 561 1303 624 bunc

192 698 330 762 modum
359 699 428 762 ictu
458 696 595 761 feriendi
624 696 798 776 fugiebant
823 708 973 770 gom·

276 867 329 931 Ad
362 868 461 931 finem
494 865 565 945 jam
599 864 898 928 commentationis
922 865 1020 945 hujus
1042 865 1153 929 Meieri
1185 882 1305 946 cogno·

193 985 324 1048 scendae
354 987 556 1064 perventum
591 987 654 1047 est.
711 983 827 1063 Neque
860 1000 941 1047 vero
969 987 1135 1064 quantum
1160 983 1306 1064 proiece-

192 1103 266 1182 rim,
289 1104 636 1184 quantulumcumque
664 1103 737 1182 erit,
772 1120 825 1165 me
848 1103 998 1178 poenitet.
1043 1103 1093 1166 llx
1119 1117 1186 1164 una
1213 1102 1305 1166 enirn

193 1220 256 1283 hac
278 1222 437 1284 accentus
470 1220 602 1283 ratione
636 1237 753 1283 omnes
787 1221 1012 1300 proprietates
1040 1223 1075 1283 et
1098 1219 1307 1284 dissimilitu-

194 1338 299 1416 dines,
322 1337 443 1417 quibus
467 1354 487 1400 a
509 1338 627 1416 graecis
650 1338 746 1401 latini
769 1338 910 1412 distant,
934 1338 1031 1418 quasi
1053 1354 1097 1401 ex
1120 1355 1186 1401 uno
1209 1337 1308 1402 fonte

193 1455 318 1519 hauriri
355 1458 509 1535 possunt.
567 1456 641 1519 Has
680 1473 761 1520 vero
808 1449 1098 1519 dissimilitudines
1145 1472 1221 1519 esse
1269 1460 1307 1520 et

195 1573 281 1636 hanc
307 1573 449 1637 subesse
472 1589 611 1636 causam
635 1572 820 1637 concordiae
842 1573 932 1636 ictus
955 1575 1193 1653 occentusque,
1228 1592 1308 1654 quae

194 1688 282 1769 apud
305 1689 430 1753 latinos
460 1691 568 1771 majm·
595 1693 660 1768 est,
694 1690 868 1754 contendit
898 1689 1052 1767 Meierus,
1088 1707 1152 1753 non
1186 1693 1308 1756 tamen

195 1807 255 1885 ita,
292 1809 330 1870 ut
360 1808 567 1886 probabilem
590 1825 730 1872 causam
754 1808 960 1887 investigare
982 1807 1103 1886 possit,
1140 1825 1215 1887 quae
1239 1826 1309 1873 om·

195 1941 256 1988 nes
278 1924 354 1987 illas
387 1924 678 1989 dissimilitudines
712 1925 846 1988 efficiat.
891 1924 962 1988 Nos
991 1941 1071 1988 vero
1101 1925 1309 1990 invertimus

196 2041 378 2119 rationem;
407 2042 487 2106 nihil
509 2046 624 2106 tamen
653 2042 742 2105 aliud
770 2041 1068 2122 comprobavimus
1100 2043 1163 2106 nisi
1193 2060 1309 2108 accen·

194 2163 269 2222 tum
293 2159 445 2223 omniurn
466 2160 600 2224 illorum
621 2176 761 2223 causam
789 2176 865 2223 esse
888 2176 999 2239 posse,
1034 2176 1100 2223 non
1131 2176 1216 2223 esse.
1264 2163 1310 2227 Et

196 2277 225 2339 si
247 2276 310 2340 hoc
332 2293 452 2340 verum
475 2280 538 2354 est,
572 2276 662 2357 quod
691 2276 737 2340 illi
760 2277 879 2354 nostri,
913 2276 1024 2356 quiin
1048 2293 1158 2340 rerum
1182 2282 1311 2345 natura

196 2397 388 2472 versantur,
412 2397 452 2456 ut
474 2393 615 2474 physici,
648 2394 846 2471 astronomi,
879 2393 990 2472 ceteri,
1014 2397 1184 2473 statuunt,
1206 2397 1310 2462 ratio·

195 2527 273 2574 nem
296 2527 373 2574 esse
406 2510 514 2590 magis
546 2511 773 2590 verisimilem,
807 2528 872 2591 quo
900 2510 997 2590 plura
1025 2527 1068 2574 ex
1095 2528 1136 2574 ea
1166 2511 1311 2594 intelligi

196 2628 339 2707 possint,
367 2630 458 2691 certe
482 2629 552 2691 haec
575 2630 694 2692 nostra
716 2629 813 2704 ratio,
843 2627 1010 2707 adquam
1034 2629 1156 2707 omnia,
1182 2630 1310 2709 quibus

197 2744 293 2808 latini
316 2762 336 2808 a
358 2745 476 2825 graecis
499 2744 640 2824 distant,
673 2746 823 2809 revocari
846 2745 990 2825 possint,
1014 2746 1227 2827 verisimilior
1250 2765 1310 2828 pu-

196 2863 303 2926 tanda
325 2865 380 2925 est
403 2879 504 2943 quam
528 2862 649 2941 Meteri,
684 2880 750 2942 qua
783 2881 887 2943 quum
922 2861 1039 2941 utitur,
1073 2863 1139 2926 alia
1172 2866 1311 2944 praeter·

197 2980 306 3044 mittit
329 2979 421 3043 nulla
443 2996 548 3043 causa
570 2980 738 3059 exposita,
765 2980 831 3043 alia
854 2980 896 3043 ab
919 2979 995 3043 aliis
1018 2980 1131 3043 causis
1154 2980 1311 3060 profecta

197 3114 274 3161 esse
297 3097 453 3161 decernit.

281 3248 335 3313 Ad
353 3248 385 3311 id
404 3247 514 3327 igitur,
533 3247 620 3327 quod
637 3247 731 3312 initio
744 3248 845 3328 huius
857 3245 1155 3311 commentationis
1168 3247 1311 3314 interre-

198 3367 365 3447 gavimus‚
398 3383 480 3429 num
511 3365 589 3445 quid
617 3366 698 3430 certi
728 3366 784 3429 via
815 3382 854 3428 ac
882 3364 1023 3442 ratione,
1061 3381 1128 3444 qua
1150 3363 1203 3427 nsi
1226 3369 1312 3430 sunt

199 3484 309 3548 adhuc
335 3482 522 3547 doctissimi
550 3483 714 3563 homines
748 3482 885 3562 assequi
915 3482 1037 3561 possis,
1068 3481 1148 3544 mihi
1169 3480 1241 3560 J'am
1263 3482 1312 3547 vi·

199 3601 279 3665 deor
311 3600 536 3680 respondisse.
586 3601 799 3680 Quamquam
832 3600 921 3664 eninr
959 3599 1103 3663 materia
1139 3600 1174 3662 et
1210 3582 1313 3678 quasi

199 3719 296 3797 silva,
333 3735 433 3798 quam
458 3709 609 3798 praebent
632 3735 753 3782 versus
776 3717 987 3794 comicorum,
1021 3716 1054 3779 in
1082 3715 1152 3779 dies
1176 3715 1313 3809 diligen·

198 3836 268 3899 tius
291 3838 469 3916 perspecta
491 3839 526 3899 et
549 3836 740 3898 accuratius
764 3835 926 3898 distincta
948 3836 1013 3912 est,
1039 3850 1113 3914 quae
1136 3833 1182 3895 sit
1204 3849 1313 3899 causa

199 3970 290 4031 vera,
314 3971 389 4033 quae
412 3953 544 4034 singula
566 3953 679 4030 efficit,
714 3955 758 4032 et,
781 3956 820 4015 ut
843 3952 892 4015 ita
915 3952 1033 4028 dicam,
1066 3949 1196 4030 intima,
1230 3967 1313 4014 non·

200 4070 279 4136 dum
301 4073 418 4153 potest
439 4070 474 4134 in
495 4071 604 4136 medio
628 4086 694 4134 non
717 4069 866 4150 relinqui.
