2834 4596
191 239 232 301 38

235 404 445 486 Trlsyllabas
488 406 605 468 autem
649 403 704 468 vel
741 403 1047 485 hypertrisyllabas
1084 403 1263 468 discrimen

150 524 261 589 faeere
282 522 332 587 ait
349 522 420 603 jam
443 521 602 600 Meter-uu
624 538 704 586 nam
726 538 860 602 semper
875 522 1105 602 quantitatem
1121 524 1265 586 accentu

150 641 298 723 spectari
320 642 340 704 i.
363 659 391 705 e.
415 657 492 704 eum
517 639 715 720 longitudini
741 639 899 704 accidere.
945 638 1038 720 Quod
1060 657 1127 703 non
1143 657 1262 704 verum

150 777 228 825 esse
251 759 355 825 verba
376 758 479 823 istius
502 759 638 839 speciei:
663 755 789 822 ’itcilis’
814 758 1061 823 demonstrant.

234 878 415 942 Rationem
442 894 522 942 vero
550 877 801 958 probabilitatis
822 877 893 958 jam
916 876 1041 958 posuit,
1064 894 1131 957 qua
1153 876 1266 942 tribus

151 996 184 1060 in
212 995 367 1076 partibus
395 995 575 1061 verborum
604 994 957 1076 hyperdisyllaborum
986 995 1091 1058 ictum
1114 1012 1191 1059 cum
1214 1012 1267 1059 ac·

150 1116 251 1178 centu
282 1113 371 1176 coire
404 1129 505 1192 posse
540 1112 718 1176 ostendere
751 1115 902 1176 conatur.
946 1113 1053 1176 Posse
1085 1115 1176 1177 reete
1210 1113 1268 1178 ille

152 1229 304 1310 quidem3
339 1229 399 1294 sed
425 1247 490 1294 non
515 1246 616 1310 posse
639 1246 704 1293 non
728 1230 816 1293 coire
839 1230 900 1293 hoc
923 1247 988 1293 non
1012 1229 1133 1310 arguit,
1156 1236 1268 1311 neque

152 1345 280 1410 nullam
292 1346 606 1427 compensationem
619 1363 802 1427 graecorum
817 1346 964 1426 linguam
978 1350 1142 1426 praestare
1152 1365 1266 1427 posse.

153 1463 263 1545 Supra
297 1467 411 1528 tamen
443 1464 515 1544 jam
549 1464 727 1529 ostendere
759 1467 902 1528 conatus
937 1481 1023 1543 sum,
1054 1481 1155 1544 quam
1185 1464 1269 1530 nihil

152 1581 317 1663 ejusmodi
341 1582 482 1659 ratione,
505 1600 619 1662 quum,
643 1582 760 1662 quanti
783 1582 927 1662 quidque
943 1582 990 1646 sit
1006 1582 1166 1661 omnium,
1189 1600 1268 1663 quae

153 1717 213 1780 pro
250 1699 425 1764 concordia
462 1701 590 1764 navent
626 1716 762 1779 oporam
800 1699 854 1763 vel
887 1703 1006 1764 contra
1042 1700 1268 1780 concordiam,

153 1817 325 1882 aestimare
354 1834 420 1881 non
443 1818 567 1899 poesie,
595 1817 760 1882 confidere
790 1816 899 1882 liceat.
949 1819 992 1882 Et
1015 1834 1075 1898 ego
1098 1817 1269 1882 rationem

154 1935 404 2016 probabilitatis
437 1935 582 2015 habebo;
616 1935 658 1999 ad
691 1935 792 1999 finem
826 1935 923 2016 louge
952 1935 1134 2013 diversum,
1165 1935 1269 2000 modo

153 2051 254 2132 aliud,
278 2052 427 2116 fortasse
450 2053 586 2132 rectius,
610 2053 807 2133 sumpseris
830 2053 1018 2133 pervenias
1052 2053 1179 2116 Breues
1201 2053 1269 2134 syl·

153 2170 250 2235 labas
273 2170 417 2238 Meierus
439 2174 634 2250 aversatum
660 2171 770 2235 minus
793 2169 942 2234 fortasse
963 2187 1064 2250 erres,
1087 2170 1115 2233 si
1139 2171 1181 2234 ab
1205 2170 1270 2235 hoc

155 2288 253 2368 quasi
290 2288 511 2351 fundamento
548 2287 720 2368 profectus
758 2286 816 2362 sie,
852 2287 973 2351 breves
1008 2268 1159 2368 syllabas
1193 2264 1281 2352 tarn’

154 2405 297 2470 libenter
330 2422 432 2486 quam
467 2405 586 2486 longas
618 2405 687 2469 ictu
714 2404 828 2485 quaeri,
862 2421 964 2485 quam
986 2406 1107 2470 breves
1130 2405 1268 2471 omnino

156 2523 185 2586 si
208 2519 388 2604 spernas.*)
428 2510 583 2586 Ceterum
608 2539 673 2586 non
698 2522 778 2585 nihil
800 2522 888 2586 inter
911 2539 948 2586 se
970 2522 1113 2586 forsitan
1136 2540 1269 2588 errores

155 2643 425 2720 compensentur.
470 2641 560 2704 More
582 2639 684 2720 igitur
706 2639 817 2703 Meieri
841 2643 917 2704 octo
940 2640 1038 2720 quasi
1054 2640 1180 2720 figuras
1196 2658 1269 2704 ver·

154 2759 274 2823 borum
308 2758 563 2838 trisyllaborum
594 2774 712 2821 omnes
746 2757 887 2821 eundem
923 2775 1098 2821 numerum
1133 2774 1270 2838 aequare

155 2877 217 2940 hoc
245 2876 315 2957 jam
349 2894 447 2940 sumo
479 2878 582 2955 atque
605 2875 637 2939 id
660 2892 859 2955 cognoscere
883 2875 1014 2954 stude0,
1038 2892 1103 2955 qrro
1126 2893 1270 2956 quaeque

156 2994 255 3058 modo
277 2993 366 3058 ictus
388 3011 465 3057 cum
487 2995 628 3057 accentu
651 2992 784 3072 adJ'utet
807 2992 942 3056 coitum.

239 3112 322 3176 Haeo
356 3111 443 3175 ratio
474 3128 549 3174 mea
572 3109 720 3189 linguam
745 3112 890 3190 spectat,
916 3128 990 3190 quae
1015 3110 1094 3174 nibil
1116 3109 1149 3173 in
1173 3111 1269 3189 pobsi

156 3232 280 3310 praeter
302 3229 531 3309 quantitatem
555 3229 659 3306 curet,
682 3227 701 3291 i.
725 3245 752 3291 e.
770 3244 844 3307 quae
860 3227 965 3291 ictum
981 3228 1132 3308 patiatur
1147 3227 1269 3308 longas
1310 3215 1313 3221 ’

157 3347 309 3428 syllabas
342 3363 492 3427 quaerere
525 3362 644 3410 omnes
676 3345 769 3408 nulla
802 3347 956 3424 excepta,
979 3345 1116 3408 brevem
1138 3347 1269 3425 autem,

157 3482 260 3546 quam
283 3464 418 3544 quidem
440 3464 553 3528 brevis
576 3464 748 3543 sequatur.

223 3664 242 3725 *l
270 3661 343 3715 Vide
361 3675 455 3729 supra,
474 3676 536 3728 pag.
554 3661 595 3714 35.
