2834 4596
1166 254 1205 318 13

120 390 276 500 'prorsus
310 420 352 483 ad
385 420 548 500 majorem
581 436 689 499 usque
730 419 941 485 concordiam
978 423 1086 497 catur,
1123 420 1245 484 falsam
1321 477 1323 480 ,

136 553 212 600 esse
235 536 418 602 contendit.

97 638 99 642 ¹
220 653 269 718 Vt
292 656 404 717 totum
428 654 500 731 hoc,
524 653 611 732 quod
636 652 668 715 in
688 669 793 716 unum
810 657 955 733 spectat,
970 654 1005 716 in
1020 629 1124 717 unum
1141 654 1246 718 ctiam

136 770 379 849 consociemus
402 769 455 833 hic
476 769 581 833 etiam
603 769 695 848 libet,
719 769 797 849 quid
821 770 860 834 de
882 786 985 835 versu
1004 769 1164 835 Saturnio
1180 774 1245 835 tra·

136 888 196 952 dat
218 887 429 966 Corssenius,
453 886 554 950 simui
577 888 736 950 tractare.

221 1004 375 1084 Namque
397 1003 595 1068 testimonio
612 1004 709 1067 nisus
722 1004 914 1068 Terentiani
930 1004 1036 1068 Mauri
1052 1005 1248 1085 quantitate

136 1121 317 1186 verborum
339 1121 427 1184 hunc
450 1137 588 1185 versum
611 1137 750 1185 mensos
774 1137 851 1185 esse
872 1123 996 1202 poetas
1018 1121 1094 1186 ilios
1116 1122 1246 1203 priscos

137 1255 272 1302 summa
305 1256 382 1302 cum
413 1237 534 1302 fiducia
567 1238 739 1302 contendit
773 1239 973 1320 collatisque
995 1239 1161 1320 exemplis
1184 1239 1246 1303 dis·

136 1356 345 1436 crepantiam
379 1356 469 1436 apud
503 1374 561 1421 eos
596 1357 704 1421 multo
729 1357 890 1437 majorem
915 1375 1017 1438 quarn
1040 1357 1129 1437 apud
1152 1357 1247 1422 Plau-

136 1478 211 1537 tum
234 1473 341 1537 fuisse
363 1478 552 1555 poetasque
574 1474 651 1538 illos
674 1492 888 1555 nequaquam
911 1475 944 1538 id
967 1476 1086 1555 egisse,
1110 1480 1150 1539 ut
1172 1493 1246 1539 con·

137 1592 280 1656 sentiret
302 1609 378 1654 cum
400 1592 470 1655 ictu
492 1597 663 1670 accentus‘,
686 1592 885 1656 confirmare
907 1596 1057 1657 conatur.

223 1708 317 1789 Quod
351 1709 380 1772 si
413 1709 476 1773 hoc
498 1727 616 1773 verum
641 1711 696 1789 sit,
721 1727 855 1774 summo
878 1727 940 1776 suo
959 1711 1042 1792 jura,
1065 1711 1153 1775 unde
1175 1715 1247 1775 tan·

136 1827 212 1892 dem
240 1828 312 1891 haeo
341 1844 430 1892 nova
458 1828 546 1891 ratio
569 1830 730 1892 accontus
753 1832 857 1909 atque
880 1846 959 1893 cura
982 1845 1178 1907 consonano,
1206 1829 1246 1893 de
1326 1911 1332 1917 ο

137 1962 202 2026 quo
225 1944 415 2026 saepissime
438 1943 652 2026 dictumest,
676 1947 817 2026 quasia
840 1947 986 2010 nubibus
1002 1946 1115 2010 delata
1131 1945 1246 2011 subito

136 2063 270 2128 irruerit
302 2062 336 2126 in
369 2063 480 2127 iocum
508 2064 723 2143 quantitatis
751 2064 939 2144 impensius
961 2064 1158 2155 interrogat.
1203 2063 1246 2128 Et

136 2183 170 2246 in
202 2183 264 2246 hoc
297 2182 369 2246 sinc
387 2180 501 2245 dubio
535 2185 627 2246 recte
646 2182 784 2263 judicat,
819 2182 917 2262 quod,
946 2182 975 2245 si
993 2182 1067 2262 jure
1090 2181 1247 2246 videatur

138 2301 342 2379 quantitatis
375 2301 561 2365 observans
597 2318 716 2364 versus
750 2301 805 2364 ilie
832 2300 1022 2378 Saturnius,
1046 2317 1113 2365 non
1134 2300 1246 2380 possit

137 2416 217 2498 fieri,
246 2418 323 2499 quin
353 2418 498 2498 primum
520 2418 601 2483 iliud
624 2419 799 2482 Ritschelii
821 2436 842 2482 a
864 2418 1025 2499 principio
1048 2418 1154 2483 fuisse
1177 2418 1246 2499 pul·

135 2536 336 2601 cherrimam
358 2539 521 2602 a'cceutus
544 2537 700 2617 ictusque
722 2537 945 2615 concordiam,
965 2535 1153 2600 refutatum
1169 2512 1246 2600 esse

136 2657 307 2734 putemus

220 2773 327 2854 Quid?
350 2774 378 2837 si
401 2791 587 2854 numquam
611 2775 868 2838 observaverint
884 2772 1116 2855 quantitatem
1131 2771 1245 2836 Satur·

138 2893 270 2958 nicrum
306 2893 353 2958 illi
390 2893 572 2958 auctores?
616 2893 702 2957 hanc
738 2893 767 2956 si
804 2910 990 2973 numquam
1029 2889 1245 2956 curaverint?

136 3011 243 3091 Quid?
277 3011 306 3075 si
335 3011 368 3074 in
397 3014 539 3075 accentu
563 3012 675 3075 omnia
699 3011 883 3091 posuerint,
906 3010 956 3073 ita
978 3012 1017 3073 ut
1039 3010 1072 3073 in
1095 3006 1245 3074 carmini-

135 3131 199 3195 bus
232 3130 417 3209 pangendis
451 3131 491 3193 de
524 3130 719 3210 quantitate
752 3128 941 3208 cogitarent
975 3127 1078 3191 nihil?
1123 3131 1156 3194 Si
1183 3131 1245 3196 hoc

135 3263 254 3311 verum
286 3250 350 3325 est,
385 3247 619 3327 discrepantiae
652 3246 741 3309 iilius
775 3244 867 3308 nulla
900 3262 989 3308 cura.
1036 3246 1121 3310 Tum
1155 3249 1244 3312 enim

136 3364 249 3427 omniu
271 3363 360 3427 inter
382 3382 419 3428 se
442 3364 570 3444 optime
593 3363 770 3443 quadrant.

219 3481 308 3545 Nam
342 3479 370 3542 si
403 3498 525 3545 vorsus
558 3480 634 3546 illos
668 3479 824 3544 omuibus
858 3478 1056 3543 notissimos
1089 3481 1244 3560 eligimus

136 3599 342 3678 spectandos
532 3594 535 3601 '

219 3715 402 3780 ’Cornelius
424 3716 548 3779 Lucius
572 3715 683 3796 Scipio
706 3716 876 3780 Barbatus

219 3832 374 3897 Gnaivod
397 3836 493 3913 patre
516 3835 702 3913 prognatus
729 3831 740 3912 11
766 3833 865 3896 sortis
888 3833 941 3896 vir
964 3833 1166 3914 sapiensque

220 3949 348 4030 Quoius
372 3950 480 4014 forma
502 3951 640 4014 virtutei
669 3947 680 4028 11
707 3951 882 4030 purisuma
904 3950 969 4014 fuit

220 4066 342 4131 Consoi
365 4068 615 4131 commoturus
642 4065 653 4146 11
681 4068 758 4148 quoi
781 4067 844 4130 suit
867 4068 953 4147 apud
978 4068 1039 4131 vds
