2834 4596
191 207 212 290 6

150 392 420 474 comicosz'quod
444 392 553 472 magis
576 408 597 454 a
619 394 741 455 natura
756 391 877 471 linguae
893 391 1022 454 Latinae
1038 392 1257 469 repetendum

150 510 285 575 videtur·
311 528 413 591 quam
441 527 461 573 a
488 512 665 590 poetarum
694 508 874 588 diligentia.
924 508 1000 572 Non
1027 509 1114 572 enim
1139 513 1258 573 amant

149 628 261 692 Latini
283 646 384 693 voces
407 628 439 691 in
462 627 584 691 ultima
607 627 739 706 syllaba
761 627 831 690 ictu
855 628 972 689 notare
996 627 1057 688 nisi
1081 627 1113 689 in
1138 627 1257 706 primis

150 748 185 810 et
214 746 397 827 postremis
424 745 547 808 senarii
575 745 726 825 pedibus
755 744 821 807 etsi
849 761 890 808 ne
919 744 951 807 in
980 745 1042 807 bac
1066 745 1198 824 quidem
1223 761 1259 808 re

95 924 97 928 Α
149 863 271 943 ubique
294 863 356 927 sibi
380 862 565 942 constant3’
588 866 623 926 et
646 863 685 926 de
709 862 780 926 loco
804 861 958 942 spondei:

234 979 368 1044 ’Deinde
391 997 471 1044 vero
494 981 681 1062 spondeum
704 998 724 1043 a
747 980 877 1044 Latinis
900 980 1073 1044 veteribus
1091 980 1125 1043 in
1141 997 1258 1044 omnes

150 1097 297 1162 trimetri
320 1097 411 1162 locos
434 1103 557 1179 praeter
576 1098 733 1162 ultimum
750 1094 914 1179 receptos'
931 1098 1093 1177 (oportuit
1109 1097 1258 1162 fortasse

151 1215 250 1278 scribi
278 1215 483 1296 ’receptum'l
513 1215 608 1296 esse,
632 1233 686 1278 res
709 1219 763 1279 est
787 1215 976 1278 notissima.
1021 1215 1189 1279 Curarunt
1211 1215 1257 1278 illi

150 1335 276 1412 tamen,
310 1336 349 1396 nt
382 1333 579 1413 plerumque
613 1333 725 1396 minus
759 1332 863 1395 durus
896 1333 938 1395 ad
968 1350 1068 1395 aures
1091 1332 1258 1396 accideret

151 1448 320 1529 spondeus
350 1450 425 1514 iste.
474 1450 560 1514 Hinc
582 1450 663 1514 illud
687 1450 719 1513 in
743 1450 860 1530 primis
883 1457 1056 1526 caverunt,
1083 1467 1124 1512 ne
1147 1466 1258 1512 accen-

151 1569 208 1631 tus
232 1567 482 1647 vocabulorum,
506 1569 538 1631 in
563 1568 683 1647 quibus
707 1568 876 1649 spondeus
899 1569 954 1631 est
977 1567 1121 1648 aliquem
1142 1568 1258 1647 eperi-

151 1684 214 1747 bus
238 1684 320 1748 locis
343 1688 474 1763 tenena,
497 1703 573 1749 cum
595 1686 664 1749 ictu
688 1684 873 1765 pugnaret?

233 1801 361 1865 lterum
398 1805 502 1882 atque
538 1803 660 1866 iterum
695 1806 749 1866 est
782 1801 1071 1882 considerandum,
1107 1801 1184 1881 quid
1219 1801 1259 1864 de

151 1935 281 1987 casura
302 1920 447 1999 primum
472 1920 594 1983 dixerit
616 1920 843 1984 Hermannus
884 1919 992 1983 Sensu
1008 1918 1094 1982 enim
1113 1919 1258 1998 quodam

151 2037 309 2117 quamvis
331 2054 418 2101 caeco
442 2038 598 2118 disputat
620 2054 787 2101 casuram
811 2038 1014 2100 observasse
1037 2036 1194 2114 comicos
1219 2054 1259 2099 ne

151 2153 379 2218 claudicarent
408 2172 529 2219 versus
560 2172 646 2219 neve
671 2155 741 2218 ictu
764 2157 973 2234 repugnante
996 2170 1096 2217 aures
1120 2153 1259 2217 oriende·

151 2274 242 2351 rent;
270 2289 351 2335 aure
373 2289 494 2352 nempe
517 2275 658 2336 vetante
685 2289 788 2352 quum
812 2270 1012 2335 discordiam
1036 2271 1125 2334 ictus
1149 2288 1259 2335 accen·

151 2389 276 2468 tueque
304 2406 324 2452 a
354 2389 502 2453 secunda
530 2389 676 2453 trimetri
699 2389 831 2468 dipodia
856 2388 1070 2468 depellerent,
1093 2405 1258 2451 caesuram

150 2504 244 2569 illam
275 2508 395 2585 poetas
425 2506 595 2571 invenisse
624 2506 789 2587 optimam
819 2506 1015 2586 adjutricem
1046 2506 1088 2569 ob
1118 2498 1289 2586 eamque‘

151 2639 222 2686 rem
246 2640 379 2703 semper
401 2624 470 2689 fere
493 2624 582 2688 haud
605 2624 744 2688 minima
767 2624 925 2704 religione
947 2623 1101 2687 coluisse.

235 2741 312 2804 dam
335 2758 415 2806 vero
439 2743 556 2821 legem,
580 2759 682 2822 quam
707 2745 808 2806 vocat
831 2740 974 2805 Meierus
999 2741 1151 2821 dipodiae,
1179 2742 1260 2805 Her·-

153 2874 276 2922 manno
304 2858 473 2923 inventori
500 2862 535 2922 et
557 2859 687 2922 auctori
709 2859 961 2922 attribuendam
985 2876 1062 2922 esse
1085 2876 1144 2938 pro
1168 2864 1259 2923 certo

152 2975 268 3039 habeo
313 2976 489 3056 Spondeus
510 2977 598 3040 enim
622 2979 753 3041 ceteros
775 2977 807 3040 in
831 2977 923 3041 locos
945 2979 1102 3056 receptus
1125 2977 1153 3039 si
1176 2980 1260 3039 tam·

153 3109 256 3172 quarn
281 3092 317 3155 in
346 3110 408 3157 suo
437 3093 580 3172 habitat,
608 3094 642 3157 in
666 3094 803 3174 paribus
826 3097 942 3157 tamen
966 3094 1047 3157 locis
1071 3097 1172 3157 certae
1196 3093 1259 3173 legi

153 3209 339 3289 subjicitur,
363 3210 422 3274 vix
448 3213 486 3274 ut
509 3229 670 3291 umquam
693 3211 726 3274 in
750 3211 853 3274 arsim
876 3211 1003 3275 incidat
1025 3211 1156 3291 ultima,
1181 3212 1260 3275 nibil

153 3325 241 3390 aliud
265 3344 366 3407 quam
390 3328 559 3409 syllabam
583 3346 680 3393 suam
704 3332 841 3393 acutam
856 3329 944 3418 ictui
969 3330 1143 3392 concinere
1170 3329 1260 3392 sinit.

152 3443 190 3508 ln
215 3445 363 3509 secunda
385 3445 487 3526 igitur
509 3447 597 3511 thesi
622 3447 764 3527 dipodiae
780 3447 925 3511 trimetri
939 3446 1074 3527 ⁸iambici
1091 3446 1259 3525 syllabam

153 3562 387 3641 paenultimam
420 3565 514 3628 verbi
547 3565 730 3644 spondaei,
764 3567 884 3644 utpote
911 3582 985 3644 quae
1008 3562 1160 3643 exceptis
1184 3580 1261 3626 non-

153 3679 254 3742 nullis
277 3682 485 3761 syncopatis‚
511 3684 548 3745 ut
569 3683 727 3762 Arpinas.
751 3679 925 3758 SanrniS,*)
947 3685 1021 3759 cet,
1043 3658 1177 3760 semper
1194 3679 1261 3742 sere

153 3795 293 3860 haberet
326 3802 514 3878 accentum,
545 3816 681 3879 perraro
712 3799 867 3879 usurpari
891 3800 1109 3862 Hermannus
1133 3796 1261 3876 primns

153 3912 366 3978 intellexisse
388 3916 532 3981 videtur.

155 4013 353 4023 ὴ..-

219 4044 239 4108 *)
258 4044 329 4101 Vide
347 4046 511 4114 Seelmann,
529 4047 580 4102 Dio
598 4046 783 4116 Aussprache
802 4045 852 4100 des
872 4044 972 4099 latein
990 4059 1053 4115 pag.
1072 4046 1112 4102 25,
