2834 4596
1181 258 1221 322 19

177 454 179 458 ·
234 428 342 508 Quam
364 422 772 506 subtilem-quaestuariam
795 426 830 490 ct
852 440 935 487 saue
950 425 1149 489 abstrusam
1167 426 1261 490 Cors-

150 545 266 610 seuins
299 544 405 607 altius
437 542 582 623 repetiit.
625 541 780 621 Namque
805 541 920 605 varias
941 545 1101 606 accentus
1124 543 1261 622 figuras,

150 663 178 726 si
213 662 254 726 ad
289 661 519 742 quantitatem
549 663 584 723 et
607 657 748 739 syllabae
770 658 854 738 eJus,
878 675 953 738 quae
975 663 1117 722 accentu
1137 663 1262 724 notata

150 783 214 858 est,
237 783 273 843 et
295 781 485 842 ceterarum
508 779 715 856 spectamus,
738 777 920 856 postquam
944 775 1034 856 apud
1056 789 1184 855 graecos
1205 776 1262 840 tri·

150 897 215 960 bns
237 896 393 977 partibus
417 894 530 974 plures
553 910 693 957 numero
717 909 794 957 esse
821 892 982 972 ostendit,
1009 909 1052 956 ex
1077 893 1118 956 iis
1145 893 1264 973 figuris

152 1013 256 1077 etiam
278 1013 337 1090 ita,
361 1012 390 1074 si
413 1028 481 1075 una
503 1010 557 1075 vel
579 1009 688 1074 altera
711 1010 814 1072 trium
837 1008 1035 1074 ultimarum
1051 1010 1262 1090 syllabarum

154 1128 252 1209 longa
275 1127 341 1209 sit,
354 1145 477 1192 novem
493 1127 577 1191 adeo
593 1129 770 1191 accentum
787 1127 925 1191 brevem
940 1126 974 1189 in
990 1126 1101 1190 locum
1111 1127 1263 1208 recipere

153 1245 240 1327 apud
264 1262 402 1327 graecos,
425 1244 635 1310 duasmodo
658 1244 746 1324 apud
770 1243 895 1307 latinos
911 1244 944 1306 in
960 1243 1108 1308 medium
1124 1245 1262 1325 profert,

151 1379 195 1428 ex
215 1363 259 1427 iis
279 1365 406 1440 autem,
430 1379 504 1442 quae
527 1360 660 1440 longam
677 1360 911 1441 panultimam
926 1361 1085 1436 habeant,
1101 1365 1265 1442 quattuor

150 1482 219 1546 hoc·
246 1480 320 1562 pati
352 1478 440 1560 apud
474 1495 612 1559 graecos,
647 1478 736 1558 apud
760 1478 886 1542 latinos
908 1477 1065 1542 nullam,
1089 1479 1127 1543 In
1150 1480 1264 1560 lingua

153 1615 232 1678 ergo
253 1597 370 1672 latina,
391 1596 677 1676 quemadmodum
700 1600 861 1660 accentus
877 1595 1002 1677 saepius
1020 1596 1264 1677 longitudinem

154 1717 295 1794 quaerat,
323 1731 399 1795 quae
426 1713 474 1777 sit
497 1714 583 1777 citra
606 1717 764 1794 quartam
787 1713 966 1794 syllabam,
990 1715 1019 1777 si
1041 1731 1062 1778 a
1083 1715 1151 1778 line‘
1171 1715 1265 1780 verbi

156 1846 321 1910 numeres,
341 1831 392 1896 ita
413 1848 515 1896 voces
537 1848 673 1912 quoque
689 1831 875 1910 disyllabas
891 1832 946 1896 vel
961 1832 1265 1912 hyperdisyllabas,

153 1948 287 2029 longam
303 1949 538 2029 paenultimam
559 1948 741 2014 offerentes
756 1952 792 2013 et
814 1951 955 2013 accentu
970 1952 1136 2027 notatam,
1152 1949 1267 2029 plures

152 2069 292 2132 exstare
313 2066 538 2131 demonstrat.
1242 2074 1245 2079 “

237 2183 332 2265 Quod
353 2184 460 2248 etiam
481 2184 539 2248 ria
561 2188 596 2249 et
618 2184 749 2249 ratione
772 2184 870 2266 quasi
892 2180 1084 2249 numeraria
1104 2186 1181 2250 vult
1196 2200 1267 2267 pro·

155 2303 236 2366 bari.
278 2303 322 2370 at
355 2319 399 2366 ex
430 2302 575 2367 trecenis
606 2303 719 2366 verbis
746 2303 840 2366 denis
863 2302 945 2367 locis
968 2303 1209 2384 Aristophanis
1232 2307 1268 2369 et

154 2419 269 2484 Plauti
300 2421 563 2496 connumeratis,
597 2421 626 2483 si
657 2420 701 2484 ad
734 2438 905 2486 summam
938 2423 1146 2501 spectamus
1176 2423 1266 2502 apud

154 2537 249 2641 illum
272 2538 509 2619 quinquagena
532 2538 663 2602 invenit
685 2555 763 2603 esse
778 2539 914 2619 longam
930 2539 1097 2620 syllabam
1115 2544 1151 2603 et
1166 2533 1267 2604 simul

156 2658 297 2719 accentu
330 2658 486 2721 notatam
520 2657 715 2737 praebentia,
750 2657 839 2737 apud
874 2657 961 2719 hunc
988 2673 1092 2736 prope
1115 2660 1267 2723 centena:

159 2770 255 2836 Talia
277 2788 355 2853 ergo
378 2775 544 2839 vocabula
566 2775 654 2856 apud
671 2791 799 2855 graecos
816 2774 965 2839 omnium
982 2778 1117 2839 sextam
1134 2780 1268 2857 partem

156 2889 323 2968 exhibere,
345 2892 486 2956 tertiam
508 2893 613 2957 etiam
636 2891 725 2972 apud
748 2891 883 2956 latinos.

239 3008 359 3072 Altero
382 3009 482 3073 tanto
504 3009 606 3089 igitur
628 3010 754 3090 saepius
777 3009 945 3072 concludit
970 3010 1003 3072 iu
1027 3009 1140 3090 lingua
1162 3010 1270 3075 latina

157 3143 258 3206 quam
282 3127 371 3206 apud
395 3129 724 3206 graecosaccentnm
746 3144 823 3190 cum
839 3126 1046 3206 longitudine
1062 3127 1269 3207 paenultima

157 3241 418 3323 syllabaasscoire.
464 3243 545 3323 Quae
568 3243 742 3322 longitudo
766 3261 868 3323 quum
893 3242 982 3323 apud
1011 3243 1270 3317 latinesaccen-

156 3361 232 3422 tum
266 3359 379 3435 adse
413 3360 539 3440 saepius
571 3360 774 3423 astrinxerit
806 3363 842 3423 et
875 3360 909 3422 in
943 3359 1083 3439 pedibus
1104 3360 1269 3442 jambicis,

156 3475 346 3551 trochaicis,
382 3476 558 3558 dactylicis
591 3477 692 3557 longa
723 3477 781 3540 illa
803 3477 946 3558 syllaba,
970 3495 1045 3558 quae
1068 3478 1114 3541 sit
1136 3495 1205 3541 una
1227 3495 1269 3542 ex

157 3593 267 3656 tribus
300 3593 430 3658 ultimis
464 3594 555 3657 verbi
590 3594 741 3673 syllabis,
771 3595 876 3659 arsim
898 3595 917 3658 i.
941 3612 968 3659 e.
992 3595 1097 3659 ictum
1121 3595 1269 3675 recipiat,

158 3726 296 3774 necesse
329 3727 406 3775 csse
438 3715 550 3792 putat,
584 3729 650 3792 quo
684 3712 809 3794 saepius
842 3713 952 3777 coitus
986 3714 1145 3776 accentus
1170 3712 1270 3792 longi·

158 3809 354 3907 indicisque
376 3828 467 3891 illius
488 3846 589 3908 quam
613 3830 703 3909 apud
726 3846 854 3909 graecos
875 3830 947 3906 iiat,
968 3846 1006 3893 eo
1022 3828 1148 3909 saepius
1163 3829 1269 3893 etiam

157 3943 190 4020 in
225 3945 468 4025 longitudinem
501 3945 593 4010 illam
627 3946 715 4009 inter
748 3963 785 4009 se
817 3950 978 4010 accentus
1011 3946 1168 4026 ictusque
1198 3962 1271 4009 cou-

158 4061 308 4128 veniant.
