2834 4596
1181 248 1221 310 29

151 416 338 482 attribuere
371 415 569 494 concordiam
604 422 639 479 et
666 415 825 478 attribuit
851 417 955 487 certe;
987 415 1076 495 quod
1098 414 1262 478 hattone·

151 536 298 618 gaudum
322 538 385 598 est.
431 533 495 597 Sed
520 533 640 596 iterum
662 533 734 612 jam
757 548 957 596 moneamus
979 533 1145 597 immenso
1168 546 1265 612 paene

151 669 194 718 ex
231 652 286 716 illo
323 668 421 730 grege
458 667 578 713 vocum
612 649 834 729 janthinarum
869 666 1027 729 magnam
1062 650 1115 713 vel
1148 645 1263 729 potius

152 771 315 850 majorem
338 771 471 848 partem
495 771 590 847 spem
615 766 714 830 haud¹
728 767 864 830 dubiam
884 767 1070 831 concordiae
1086 767 1264 831 ostendere

152 887 241 968 apud
275 901 413 966 graecos,
445 885 535 964 apud
568 884 694 948 latinos
727 881 900 948 discordiae
923 901 1051 948 omnes.
1095 885 1138 950 nt
1160 901 1262 964 quum

152 999 275 1069 totum
297 1004 359 1068 hoc
384 1019 490 1082 genus
516 1002 695 1065 verborum
720 977 1048 1082 brevem'syllabam
1071 1002 1264 1066 acuentium

153 1121 415 1203 perlustramus,
449 1118 587 1183 mininie
613 1119 691 1182 licet
714 1119 865 1183 oblivisci
887 1120 920 1182 in
944 1120 1057 1182 verbis
1079 1119 1151 1200 eJus
1174 1119 1264 1183 modi

152 1239 337 1320 figurarum
359 1280 501 1315 ψω-
526 1269 617 1315 w
627 1283 679 1294 .-›
694 1279 786 1313 ψ-
797 1287 835 1314 υ
851 1240 1026 1301 accentum
1040 1250 1264 1317 nequaquam,

154 1360 192 1420 ut
214 1357 249 1419 in
270 1356 386 1420 latinis
400 1356 565 1435 jamnias,
590 1357 728 1419 brevem
745 1358 826 1418 ante
841 1355 977 1434 longam
993 1357 1266 1418 notareneoesse

154 1488 241 1552 esse,
265 1474 323 1538 sed
346 1473 379 1537 in
394 1473 535 1538 duabus
558 1473 726 1553 prioribus
749 1473 855 1536 etiarn
876 1472 1016 1547 ultimae,
1036 1473 1069 1536 in
1092 1466 1267 1552 postrema

155 1609 221 1656 non
244 1592 356 1656 minus
378 1591 508 1659 ultimae
531 1609 634 1672 quarn
656 1590 863 1671 paenultima
885 1602 967 1653 eum
986 1607 1088 1670 posse
1106 1591 1265 1655 accidere.

155 1710 366 1791 Quamquam
400 1709 505 1788 igitur
537 1710 569 1772 in
603 1725 711 1788 graeca
744 1708 857 1787 lingua
879 1710 934 1771 tot
956 1706 1082 1787 formae,
1106 1726 1182 1788 quae
1205 1708 1267 1772 dis·

156 1827 365 1908 crepantiam
399 1844 463 1889 non
496 1826 692 1890 evitandam
723 1825 882 1905 efficiunt,
905 1825 962 1890 uni
985 1830 1202 1906 opponuntur
1224 1826 1267 1890 la⁹

156 1945 314 2024 tinorum,
348 1947 463 2008 tamen
498 1962 564 2008 uon
598 1947 663 2022 est,
696 1961 755 2008 cur
782 1961 823 2008 ne
851 1943 883 2007 in
906 1944 959 2007 his
981 1944 1115 2024 quidem
1138 1944 1266 2024 formis

155 2081 230 2145 quae
254 2081 357 2143 supra
381 2066 472 2140 sunt,
496 2061 620 2126 latinos
644 2062 732 2126 haud
757 2061 855 2125 dubie
877 2065 1042 2141 praestare
1066 2067 1235 2142 putemus.

240 2181 363 2245 Totam
397 2180 509 2261 igitur,
542 2198 616 2261 quae
649 2183 730 2243 ante
760 2181 873 2259 posita
895 2184 958 2258 est,
983 2181 1206 2262 quaestionem
1229 2184 1268 2244 ut

156 2300 304 2363 breuiter
337 2299 612 2378 complectamur,
637 2299 846 2378 Corssenius,
880 2299 968 2379 quod
990 2300 1109 2374 voluit,
1134 2299 1268 2364 minime

156 2399 414 2482 demonstravit.
459 2417 547 2480 Nam
583 2435 686 2497 quum
721 2417 916 2497 probauerit
942 2417 1068 2480 latinos
1091 2417 1269 2481 commoda

157 2536 312 2616 quaedam
341 2533 384 2597 ad
412 2533 623 2599 efficiendum
651 2553 854 2599 consensum
880 2536 1011 2613 habere,
1035 2535 1187 2598 alienon
1212 2536 1268 2599 mi·

158 2669 223 2714 nus
246 2653 393 2731 praebere
416 2670 555 2732 graecos,
578 2656 656 2733 qu‘ae
676 2670 813 2733 operam
837 2655 965 2717 navent
988 2654 1029 2716 ad
1058 2654 1268 2717 concordiam

159 2772 195 2834 et
217 2769 257 2832 iis
280 2771 367 2835 bona
388 2772 522 2835 illorum
547 2775 855 2851 recompensentur,
883 2772 1061 2834 ostendere
1084 2771 1169 2834 licet.
1215 2773 1269 2836 Ce-

158 2893 270 2954 terum
298 2890 462 2954 ¹familime
495 2890 657 2954 confiteor·
685 2892 747 2954 lrac
773 2890 903 2953 ratione
927 2907 996 2953 reni
1021 2889 1168 2953 nondum
1193 2907 1270 2956 esse

154 3008 349 3089 judicatam,
384 3016 487 3088 quain
521 3011 559 3072 ut
589 3012 721 3071 certam
755 3008 980 3082 redderemus
1014 3008 1270 3074 ratiocinatione

159 3142 246 3206 opus
267 3126 332 3190 fuit
353 3129 389 3190 et
411 3126 672 3206 comparatione,
703 3142 804 3205 quam
833 3142 924 3204 saepe
947 3143 1089 3205 quaeque
1110 3131 1270 3191 accentus

158 3243 266 3323 ligura
289 3244 321 3307 in
343 3246 489 3324 utraque
512 3243 625 3323 lingua
647 3246 813 3321 exstaret,
837 3247 886 3320 ut,
905 3245 1024 3324 quanti
1040 3261 1182 3325 quaeque
1204 3262 1270 3308 mo

159 3361 269 3424 menti
283 3364 377 3424 esset
394 3361 435 3424 ad
459 3361 681 3434 concordiam,
705 3360 979 3440 intelligeremus
1002 3362 1120 3426 deinde
1143 3366 1270 3439 autem,

161 3494 229 3556 pree
262 3477 371 3555 longis
405 3478 546 3557 syllabis
578 3469 682 3558 quarn
710 3494 802 3556 saepe
826 3478 946 3541 breves
969 3478 1037 3542 ictu
1061 3482 1270 3554 notarentur,
1322 3554 1327 3561 ,

160 3592 216 3671 ut,¹
232 3611 333 3673 quam
357 3594 426 3657 vim
451 3595 515 3672 irae,
535 3597 711 3658 accentum
736 3595 945 3674 recipientee,
969 3595 1001 3657 iu
1026 3613 1160 3658 summa
1176 3595 1271 3660 affer·

160 3714 236 3774 rent
267 3711 308 3774 ad
342 3728 555 3789 consensum,
588 3711 841 3791 intelligeretur.
892 3712 1002 3776 Aliter
1031 3713 1118 3776 enim
1142 3718 1177 3776 et
1200 3713 1272 3776 sine

160 3828 213 3891 his
247 3827 344 3907 quasi
376 3827 607 3892 fundamentis
640 3832 716 3893 tota
749 3830 839 3893 aedes
872 3831 946 3893 iluit
980 3834 1015 3893 et
1037 3830 1140 3905 labat,
1164 3847 1272 3910 neque

162 3945 346 4026 quidquam
379 3945 460 4008 certi
494 3945 647 4009 efficitur.
697 3946 805 4027 Quare
833 3965 938 4026 quum
965 3951 1037 4010 tam
1062 3947 1170 4009 multa
1192 3947 1271 4025 sint,

162 4079 237 4141 quae
260 4062 403 4126 invicem
427 4063 490 4126 sibi
513 4063 678 4125 resistant
702 4063 753 4126 vol
778 4064 942 4141 adjuteut
966 4081 1040 4142 qua
1063 4063 1141 4143 quid
1159 4080 1217 4143 per
1236 4080 1273 4125 se
