2834 4596
1180 256 1216 319 21

151 424 261 501 supet,
296 422 404 485 multo
442 421 606 500 majorem
641 438 718 485 esse
750 422 838 502 apud
873 438 1000 502 graecos
1034 439 1136 502 quam
1172 423 1260 504 apud

151 539 287 618 latinos,
309 543 435 603 censet.
1250 541 1253 545 ’

235 657 330 738 Quod
351 667 581 738 nequaquam
618 649 889 737 comprobatum
914 668 991 721 esse
1022 658 1135 738 putari
1152 659 1260 723 lieet.

150 778 237 842 Nam
260 776 420 857 proiecto,
443 775 471 838 si
487 775 652 856 ejusmodi
666 775 699 838 in
713 765 978 855 ¹discrepantiam
994 775 1085 857 leges
1101 768 1261 841 accentus

150 911 335 975 graecorum
355 911 424 958 una
446 893 577 958 ratione
598 892 720 957 illieere
742 896 872 957 certum
895 896 959 972 est,
983 893 1045 957 boe
1066 892 1260 960 etiamalio*

151 1013 263 1076 miuus
297 1017 352 1076 est
385 1011 647 1092 disquirendum,
682 1023 765 1074 num-
796 1009 884 1075 forte
907 1010 960 1074 bis
981 995 1261 1092 eisdem-legibus

150 1131 259 1194 altera
281 1130 422 1194 ratione
435 1130 477 1192 ad
501 1130 664 1209 majorem
688 1141 790 1208 quam
811 1129 901 1208 apud
916 1128 1042 1194 latinos
1058 1133 1260 1194 eonsensum
1357 1117 1359 1122 ’

150 1247 271 1327 lingua
285 1245 470 1327 graecorum
492 1247 625 1326 invitet,
648 1265 715 1329 qua
739 1247 868 1327 majore
890 1246 922 1309 in
943 1258 1012 1309 una
1036 1228 1173 1310 ratione*
1188 1263 1261 1311 oon·

150 1365 263 1428 cordia
295 1366 366 1429 haee
399 1365 508 1428 altera
541 1355 712 1429 discordia
739 1364 882 1428 forsitan
905 1363 1117 1444 compensari
1137 1361 1260 1443 possit.

149 1481 441 1562 Quemadmodum
459 1481 658 1561 igiturbuie
681 1480 916 1562 discrepantia
936 1493 975 1545 eo
1004 1480 1119 1545 favere
1144 1465 1262 1561 potest

150 1599 265 1679 lingua
287 1615 405 1679 graeca,
428 1599 518 1679 quud
542 1609 560 1663 e
583 1599 711 1679 legibus
735 1598 807 1662 suis
830 1598 872 1662 ad
895 1602 1074 1662 accentum
1097 1597 1262 1678 pertinen.-

152 1715 244 1779 tibus
266 1717 387 1781 breves
410 1716 563 1797 syllabas
586 1716 686 1795 acuit,
709 1733 795 1797 quas
811 1716 918 1779 latina
933 1716 1046 1796 lingua
1062 1733 1125 1780 non
1145 1698 1263 1797 potest

153 1850 281 1911 acuere,
305 1835 362 1898 ita
394 1834 434 1897 iit
463 1833 623 1914 sortasse,
656 1837 698 1897 ut
729 1833 774 1898 illi
804 1832 923 1913 longas
945 1833 1098 1914 syllabas
1120 1835 1262 1898 accentu

151 1954 280 2030 notent,
313 1968 399 2030 quas
433 1951 464 2014 bi
499 1956 616 2015 eontra
649 1968 730 2015 suas
763 1951 854 2031 leges
887 1968 1006 2016 acuere
1023 1960 1093 2016 nou
1116 1951 1260 2032 possint.

150 2068 185 2132 Sl
208 2069 296 2132 enim
319 2069 408 2132 letus
432 2069 550 2148 longas
573 2069 724 2149 syllabas
747 2072 888 2149 quaerat,
905 2068 1011 2149 liquet
1028 2086 1167 2149 prorsus
1183 2086 1260 2133 eum

150 2187 183 2249 iu
218 2186 328 2249 locum
362 2188 522 2250 accentus
555 2195 594 2250 eo
618 2187 742 2266 saepius
764 2187 899 2264 irruere,
923 2203 988 2266 quo
1012 2187 1137 2268 saepius
1160 2189 1262 2250 acuat

150 2319 261 2384 graeca
282 2302 396 2383 lingua
418 2303 537 2384 longas
560 2303 722 2383 syllabas,
742 2321 844 2384 quum
862 2304 969 2368 latina
985 2309 1127 2369 accentu
1142 2307 1262 2368 liutara

151 2437 216 2484 non
250 2410 370 2500 possit.
415 2421 532 2501 Neque
565 2421 676 2484 minus
703 2422 771 2486 iere
794 2426 937 2503 apparet
959 2422 1095 2502 longam
1117 2435 1194 2486 esse
1216 2421 1261 2485 ul·

150 2537 282 2615 timam,
316 2554 418 2618 quam
452 2556 560 2618 graeca
587 2540 700 2619 lingua
730 2540 919 2621 saepissime
940 2542 1082 2604 accentu
1105 2541 1261 2604 notatam

152 2659 305 2732 pastae,
328 2672 515 2735 numquam
539 2656 654 2720 latina.
692 2657 816 2737 Quales
831 2656 1023 2720 invenimus
1039 2657 1165 2737 figuras
1181 2657 1260 2720 has:

151 2788 251 2849 ,2ss
310 2792 468 2853 QVA.
513 2791 626 2836 ¹..ss
684 2787 844 2837 --ss
903 2792 1058 2853 υ-..ι
1112 2791 1263 2850 ..0ss

152 2894 191 2955 ut
213 2909 254 2956 ne
277 2893 367 2957 ultra
388 2895 586 2974 trisyllabas
609 2911 711 2958 voees
735 2895 996 2976 progrediamur.

235 3011 279 3073 Et
300 3012 363 3075 hoo
386 3029 519 3092 quoque
537 3013 657 3077 ali'erre
671 3029 867 3092 possumus,
890 3012 923 3075 in
939 3012 1054 3092 figuris
1070 2996 1270 3090 verborum,

152 3146 227 3208 quaa
250 3147 355 3209 supra
377 3133 468 3205 suut,
492 3147 595 3210 quum
620 3130 742 3193 ultima
764 3130 906 3209 syllaba,
926 3145 1134 3210 quamquam
1151 3129 1262 3193 brevis

152 3249 275 3310 natura
297 3251 361 3326 est,
391 3248 560 3327 positione
583 3248 682 3328 longa
704 3247 752 3325 fit,
781 3247 854 3311 sive
876 3264 943 3310 una
966 3247 1038 3310 sive
1061 3247 1170 3310 ambae
1190 3264 1262 3310 eou-

153 3367 316 3428 souantes
347 3366 452 3429 literae
481 3366 523 3429 ad
546 3366 688 3430 verbum
711 3382 857 3445 sequens
880 3364 1060 3444 pertinent,
1094 3365 1187 3428 utin
1210 3364 1263 3427 his

152 3481 282 3559 liguris:

153 3615 244 3676 ee
287 3618 427 3678 we
469 3602 561 3679 -e
596 3619 737 3678 --e
772 3618 914 3695 ψ-α,
948 3597 1262 3678 -ψφΗοοηᾶ

236 3716 337 3781 Haud
375 3720 599 3798 spernendam
636 3736 718 3782 sane
760 3718 1028 3782 multitudinem!
1072 3716 1263 3799 praesertim

153 3850 257 3911 quum
280 3835 312 3896 in
336 3833 450 3913 lingua
472 3854 581 3916 graeca
604 3836 846 3901 recordandum
870 3836 916 3899 sit
932 3838 1044 3900 totum
1060 3835 1139 3898 illud
1157 3851 1263 3914 genus

154 3951 343 4031 verborum,
374 3972 449 4034 quae
473 3955 627 4018 ultimam
653 3954 781 4018 babent
802 3956 1015 4017 contractam
1038 3955 1073 4015 et
1096 3969 1138 4016 ex
1161 3953 1289 4052 nomi·⁸
