2834 4596
1191 253 1251 330 23Ι

165 423 327 488 baberent
361 440 427 487 non
460 425 608 486 aoniam.
663 421 1183 502 Sedhafor·ma,quan1quam
1207 438 1274 484 non

162 542 275 606 minus
308 559 421 623 quam,
447 559 523 622 qua
553 539 1127 621 30010311110110111101,,101180111
1150 538 1273 620 panul-

59 704 61 711 ι
161 661 281 726 timam
305 659 533 740 prabuissent
555 675 621 729 non
644 661 791 737 acutam,
808 661 925 722 tamen
940 660 976 728 01
991 657 1023 722 id
1040 657 1273 733 ostendissent

160 779 224 843 has
254 777 382 842 forinas
411 777 534 841 habere
556 777 705 856 linguam
729 793 874 856 gratam
898 775 940 840 ad
962 773 1089 839 ooitum
1111 777 1272 840 accentus

160 900 197 961 01
229 897 313 977 ejus,
347 913 422 976 qua
440 895 511 975 J'am
535 911 625 974 sape
650 894 823 975 appellata
845 896 909 971 est,
933 893 1151 974 longitudinis
1173 892 1272 973 perti·

160 1017 291 1079 nentes.
336 1014 440 1095 Quem
469 1013 606 1091 coitum,
635 1012 662 1075 si
691 1012 891 1076 dissuadent
912 1011 977 1076 illae
999 1011 1124 1106 figura,
1148 1011 1200 1075 ha
1223 1013 1271 1074 ta·

160 1148 237 1196 men
270 1147 410 1212 prorsus
434 1130 590 1209 suadent,
616 1132 651 1194 01
674 1130 762 1210 quod
784 1129 849 1194 illa
873 1107 1002 1193 faciunt
1025 1128 1269 1209 discrepantia,

159 1249 193 1314 id
215 1249 268 1313 his
290 1250 542 1329 compensatur.
586 1247 652 1312 Sed
674 1248 737 1312 hoo
759 1263 826 1311 non
848 1246 971 1311 11113301
992 1263 1011 1312 θ
1032 1245 1149 1324 reida,
1168 1261 1269 1326 quam

158 1365 316 1432 defendit.
643 1371 646 1375 “

240 1483 386 1548 Ratione
420 1483 568 1564 quadam
601 1483 802 1562 numeraria,
835 1486 875 1547 111
908 1498 1013 1563 supra
1046 1481 1173 1546 dictum
1204 1484 1268 1557 est,

157 1600 357 1666 Oorssenius
374 1599 624 1664 demonstravit
639 1616 818 1664 numerum
832 1601 1024 1679 verborum,
1039 1616 1115 1681 qua
1131 1599 1266 1680 longam

158 1718 391 1798 panultimam
426 1718 591 1782 haberent
627 1720 767 1782 aooentu
803 1720 971 1798 notatam,
1014 1717 1123 1782 altero
1167 1720 1266 1782 tanto

159 1835 321 1914 majorem
354 1852 432 1900 0330
465 1834 554 1916 apud
587 1834 712 1899 latinos
746 1852 849 1916 quarn
871 1835 959 1916 apud
982 1852 1125 1917 graoos;
1158 1835 1267 1900 altero

156 1955 256 2018 tanto
278 1952 381 2033 igitur
403 1952 530 2033 sapius
552 1953 641 2033 apud
665 1952 741 2017 illos
763 1955 940 2038 accentum
963 1970 1038 2017 oum
1060 1951 1268 2033 longitudine

156 2069 365 2151 paenultima
386 2070 406 2133 i.
429 2087 457 2133 0.
480 2087 530 2144 ea,
554 2087 629 2150 qua
648 2073 792 2134 vocatur
807 2069 995 2150 ’Tonlainge’
1016 2070 1113 2135 ooire.
1150 2070 1266 2150 Longi·

154 2187 307 2263 tudinem
333 2186 541 2267 paenultima
568 2190 705 2252 tantum
735 2188 762 2252 si
797 2191 929 2277 quaerat
943 2271 946 2276 .
962 2188 1049 2252 arsis
1072 2188 1091 2250 1.
1115 2188 1264 2268 0101113,

153 2308 229 2369 tum
264 2305 299 2368 in
325 2304 367 2382 iis
394 2305 517 2384 11011113,
547 2323 623 2386 qua
651 2292 787 2386 longam
809 2305 1042 2386 paenultimam
1066 2306 1202 2384 habent,
1226 2322 1264 2370 eo

155 2436 291 2503 semper
317 2421 406 2486 lotus
432 2439 509 2487 cum
532 2425 672 2486 accentu
695 2427 801 2488 coeat.
844 2423 952 2504 Atqui
978 2423 1144 2503 ejusmodi
1170 2439 1265 2488 1000-

154 2539 234 2604 bula
265 2539 362 2604 latini
394 2540 502 2604 altero
535 2543 634 2604 tanto
667 2540 765 2620 plura
797 2542 963 2621 prabent:
997 2541 1046 2604 ita
1069 2557 1147 2621 ergo
1168 2541 1201 2605 in
1224 2559 1265 2606 ea

155 2658 248 2720 oerte
279 2657 459 2721 conveniat
490 2675 568 2722 oum
600 2661 742 2723 aooentu
769 2659 858 2723 101113
885 2659 993 2723 altero
1016 2662 1115 2722 tanto
1138 2659 1264 2739 sapius

155 2775 192 2836 01
222 2771 256 2836 in
288 2773 415 2838 talibus
448 2775 561 2839 verbis
593 2775 768 2856 aliquanto
801 2775 936 2856 quidem
969 2775 1065 2840 latini
1102 2780 1264 2858 superent

153 2906 337 2971 gracorum
360 2892 434 2971 oJ'us
457 2892 548 2956 niodi
570 2893 680 2957 coitus
703 2893 864 2958 favorem.
1160 2981 1163 2987 ,

236 3007 344 3088 Atqui
366 3010 600 3089 paenultimam
629 3011 763 3091 longam
787 3015 920 3092 qnarat
941 3012 1029 3076 arsis
1051 3012 1188 3078 minime
1210 3031 1262 3078 ne·

151 3140 248 3188 00330
279 3127 343 3189 031.
387 3127 476 3190 Nam
508 3130 544 3191 et
576 3131 656 3192 ante
689 3132 725 3192 et
757 3132 838 3209 post
867 3128 967 3210 longa
989 3130 1123 3211 syllaba
1145 3133 1263 3211 potest

152 3257 239 3321 esse,
262 3258 338 3322 qua
360 3247 511 3308 acuatur.
558 3246 685 3308 Tamen
708 3246 889 3310 verisimile
915 3250 970 3312 031
994 3282 1030 3290 -
1055 3265 1261 3329 quamquam

152 3357 290 3423 minime
305 3364 452 3439 constat,
469 3362 527 3427 sed
543 3365 659 3427 tamen
675 3362 857 3427 verisimile
872 3367 927 3428 031
943 3398 973 3406 --
995 3383 1069 3445 qua
1085 3365 1261 3446 longarum

151 3472 259 3539 altero
293 3480 391 3542 tanto
425 3479 587 3560 majorem
621 3497 799 3545 numerum
832 3481 957 3547 habeat
985 3483 1261 3562 panultimarum

151 3594 328 3658 acutarum
359 3596 482 3676 lingna,
505 3597 591 3661 hano
612 3597 717 3661 etiam
740 3598 774 3661 in
797 3599 924 3663 talibus
947 3600 1059 3664 verbis
1082 3603 1261 3667 consensui

151 3706 198 3771 illi
210 3710 318 3775 altero
330 3715 429 3778 tanto
443 3715 568 3795 sapius
580 3715 704 3780 favore.
738 3717 836 3796 Nam,
852 3722 892 3781 ut
904 3734 979 3781 oum
993 3719 1121 3784 nostris
1133 3722 1261 3785 mathe-

151 3826 287 3892 maticis
303 3829 431 3910 loquar,
449 3832 590 3896 dimidia
605 3837 742 3898 tantum
757 3838 812 3898 031
827 3836 1049 3915 probabilitas
1064 3855 1259 3919 gracorum.

235 3945 318 4026 Quid
334 3947 460 4028 igitur?
475 3966 519 4013 an
534 3954 625 4015 10010
640 3952 703 4016 boo
719 3952 940 4019 Corssenius?
962 3955 1098 4019 Minime
1111 3972 1259 4037 prorsus.

150 4058 235 4127 Rem
258 4067 347 4131 enim
369 4066 483 4148 paullo
506 4069 698 4134 accuratius
720 4071 973 4153 perspiciamus.
