<?xml version="1.0" encoding="UTF-8"?>
<!DOCTYPE html PUBLIC "-//W3C//DTD XHTML 1.0 Transitional//EN"
    "http://www.w3.org/TR/xhtml1/DTD/xhtml1-transitional.dtd">
<html xmlns="http://www.w3.org/1999/xhtml" xml:lang="en" lang="en">
 <head>
  <title>
</title>
<meta http-equiv="Content-Type" content="text/html;charset=utf-8" />
  <meta name='ocr-system' content='tesseract 3.04.00' />
  <meta name='ocr-capabilities' content='ocr_page ocr_carea ocr_par ocr_line ocrx_word'/>
</head>
<body>
  <div class='ocr_page' id='page_1' title='image "./consensusquipot00johagoog_0029.png"; bbox 0 0 2834 4596; ppageno 0'>
   <div class='ocr_carea' id='block_1_1' title="bbox 286 247 327 309">
    <p class='ocr_par' dir='ltr' id='par_1_1' title="bbox 286 247 327 309">
     <span class='ocr_line' id='line_1_1' title="bbox 286 247 327 309; baseline 0.024 -1"><span class='ocrx_word' id='word_1_1' title='bbox 286 247 327 309; x_wconf 79' lang='lat'>20</span> 
     </span>
    </p>
   </div>
   <div class='ocr_carea' id='block_1_2' title="bbox 244 412 1359 3080">
    <p class='ocr_par' dir='ltr' id='par_1_2' title="bbox 244 412 1358 1196">
     <span class='ocr_line' id='line_1_2' title="bbox 329 412 1354 497; baseline -0.001 -20"><span class='ocrx_word' id='word_1_2' title='bbox 329 412 378 477; x_wconf 89' lang='lat' dir='ltr'>Ne</span> <span class='ocrx_word' id='word_1_3' title='bbox 400 415 517 477; x_wconf 87' lang='lat' dir='ltr'>tamen</span> <span class='ocrx_word' id='word_1_4' title='bbox 539 413 635 478; x_wconf 82' lang='lat' dir='ltr'>caecis</span> <span class='ocrx_word' id='word_1_5' title='bbox 658 431 679 477; x_wconf 90' lang='lat' dir='ltr'>a</span> <span class='ocrx_word' id='word_1_6' title='bbox 700 413 862 497; x_wconf 85' lang='lat' dir='ltr'>principio</span> <span class='ocrx_word' id='word_1_7' title='bbox 884 412 1040 492; x_wconf 87' lang='lat' dir='ltr'>vestigiis</span> <span class='ocrx_word' id='word_1_8' title='bbox 1062 412 1354 492; x_wconf 44' lang='lat' dir='ltr'>iterfpraetemyte-</span> 
     </span>
     <span class='ocr_line' id='line_1_3' title="bbox 244 526 1356 619; baseline 0.002 -27"><span class='ocrx_word' id='word_1_9' title='bbox 244 547 331 608; x_wconf 89' lang='lat' dir='ltr'>mus,</span> <span class='ocrx_word' id='word_1_10' title='bbox 354 530 462 619; x_wconf 86' lang='lat' dir='ltr'>primo</span> <span class='ocrx_word' id='word_1_11' title='bbox 487 530 577 610; x_wconf 68' lang='lat' dir='ltr'>jam,</span> <span class='ocrx_word' id='word_1_12' title='bbox 596 530 674 610; x_wconf 85' lang='lat' dir='ltr'>quid</span> <span class='ocrx_word' id='word_1_13' title='bbox 705 531 752 593; x_wconf 89' lang='lat' dir='ltr'>sit</span> <span class='ocrx_word' id='word_1_14' title='bbox 767 530 821 608; x_wconf 85' lang='lat' dir='ltr'>id,</span> <span class='ocrx_word' id='word_1_15' title='bbox 848 531 937 610; x_wconf 86' lang='lat' dir='ltr'>quod</span> <span class='ocrx_word' id='word_1_16' title='bbox 958 532 1102 593; x_wconf 87' lang='lat' dir='ltr'>vocatur</span> <span class='ocrx_word' id='word_1_17' title='bbox 1123 526 1311 610; x_wconf 76' lang='lat' dir='ltr'>’Torrliinge’</span> <span class='ocrx_word' id='word_1_18' title='bbox 1335 549 1356 594; x_wconf 90' lang='lat' dir='ltr'>a</span> 
     </span>
     <span class='ocr_line' id='line_1_4' title="bbox 244 647 1355 734; baseline -0.001 -22"><span class='ocrx_word' id='word_1_19' title='bbox 244 647 432 723; x_wconf 81' lang='lat' dir='ltr'>Corssenm,</span> <span class='ocrx_word' id='word_1_20' title='bbox 466 647 675 734; x_wconf 86' lang='lat' dir='ltr'>definiamus.</span> <span class='ocrx_word' id='word_1_21' title='bbox 731 647 825 728; x_wconf 72' lang='lat' dir='ltr'>(lund</span> <span class='ocrx_word' id='word_1_22' title='bbox 857 648 907 711; x_wconf 91' lang='lat' dir='ltr'>ita</span> <span class='ocrx_word' id='word_1_23' title='bbox 934 648 1135 727; x_wconf 82' lang='lat' dir='ltr'>accepimus,</span> <span class='ocrx_word' id='word_1_24' title='bbox 1159 648 1266 712; x_wconf 83' lang='lat' dir='ltr'>utsit</span> <span class='ocrx_word' id='word_1_25' title='bbox 1289 648 1355 711; x_wconf 90' lang='lat' dir='ltr'>lon·</span> 
     </span>
     <span class='ocr_line' id='line_1_5' title="bbox 244 764 1355 845; baseline 0.001 -16"><span class='ocrx_word' id='word_1_26' title='bbox 244 764 370 844; x_wconf 89' lang='lat' dir='ltr'>gitud0,</span> <span class='ocrx_word' id='word_1_27' title='bbox 405 782 480 845; x_wconf 79' lang='lat' dir='ltr'>quae</span> <span class='ocrx_word' id='word_1_28' title='bbox 513 764 698 845; x_wconf 87' lang='lat' dir='ltr'>quemlibet</span> <span class='ocrx_word' id='word_1_29' title='bbox 731 765 840 833; x_wconf 88' lang='lat' dir='ltr'>locum</span> <span class='ocrx_word' id='word_1_30' title='bbox 868 769 1008 844; x_wconf 87' lang='lat' dir='ltr'>occupet</span> <span class='ocrx_word' id='word_1_31' title='bbox 1031 765 1133 828; x_wconf 90' lang='lat' dir='ltr'>trium</span> <span class='ocrx_word' id='word_1_32' title='bbox 1156 765 1355 830; x_wconf 92' lang='lat' dir='ltr'>ultimarum</span> 
     </span>
     <span class='ocr_line' id='line_1_6' title="bbox 245 881 1354 962; baseline 0.001 -16"><span class='ocrx_word' id='word_1_33' title='bbox 245 882 464 962; x_wconf 83' lang='lat' dir='ltr'><strong>syllabarum,</strong></span> <span class='ocrx_word' id='word_1_34' title='bbox 487 881 506 944; x_wconf 94' lang='lat' dir='ltr'>i.</span> <span class='ocrx_word' id='word_1_35' title='bbox 530 899 557 945; x_wconf 90' lang='lat' dir='ltr'>e.</span> <span class='ocrx_word' id='word_1_36' title='bbox 581 881 763 961; x_wconf 80' lang='lat' dir='ltr'>longitudo,</span> <span class='ocrx_word' id='word_1_37' title='bbox 787 899 862 962; x_wconf 85' lang='lat' dir='ltr'>quae</span> <span class='ocrx_word' id='word_1_38' title='bbox 872 884 1056 946; x_wconf 85' lang='lat' dir='ltr'>accentum</span> <span class='ocrx_word' id='word_1_39' title='bbox 1072 882 1217 961; x_wconf 87' lang='lat' dir='ltr'>recipere</span> <span class='ocrx_word' id='word_1_40' title='bbox 1233 884 1354 962; x_wconf 79' lang='lat' dir='ltr'>possit.</span> 
     </span>
     <span class='ocr_line' id='line_1_7' title="bbox 247 998 1358 1079; baseline 0 -15"><span class='ocrx_word' id='word_1_41' title='bbox 247 998 357 1079; x_wconf 83' lang='lat' dir='ltr'>Supra</span> <span class='ocrx_word' id='word_1_42' title='bbox 388 998 491 1078; x_wconf 90' lang='lat' dir='ltr'>igitur</span> <span class='ocrx_word' id='word_1_43' title='bbox 524 998 752 1078; x_wconf 78' lang='lat' dir='ltr'>compluribus</span> <span class='ocrx_word' id='word_1_44' title='bbox 784 998 898 1062; x_wconf 88' lang='lat' dir='ltr'>verbis</span> <span class='ocrx_word' id='word_1_45' title='bbox 930 998 993 1063; x_wconf 90' lang='lat' dir='ltr'>hcc</span> <span class='ocrx_word' id='word_1_46' title='bbox 1024 998 1122 1077; x_wconf 86' lang='lat' dir='ltr'>idem,</span> <span class='ocrx_word' id='word_1_47' title='bbox 1156 999 1243 1079; x_wconf 92' lang='lat' dir='ltr'>quod</span> <span class='ocrx_word' id='word_1_48' title='bbox 1278 1000 1358 1064; x_wconf 91' lang='lat' dir='ltr'>dicit</span> 
     </span>
     <span class='ocr_line' id='line_1_8' title="bbox 245 1114 938 1196; baseline -0.003 -17"><span class='ocrx_word' id='word_1_49' title='bbox 245 1115 436 1196; x_wconf 79' lang='lat' dir='ltr'>’Tonlange’</span> <span class='ocrx_word' id='word_1_50' title='bbox 459 1114 550 1195; x_wconf 89' lang='lat' dir='ltr'>illud,</span> <span class='ocrx_word' id='word_1_51' title='bbox 573 1115 761 1196; x_wconf 80' lang='lat' dir='ltr'><strong>exprimere</strong></span> <span class='ocrx_word' id='word_1_52' title='bbox 784 1115 938 1179; x_wconf 87' lang='lat' dir='ltr'>conabar.</span> 
     </span>
    </p>

    <p class='ocr_par' dir='ltr' id='par_1_3' title="bbox 244 1231 1359 3080">
     <span class='ocr_line' id='line_1_9' title="bbox 327 1231 1356 1314; baseline 0.001 -17"><span class='ocrx_word' id='word_1_53' title='bbox 327 1233 449 1297; x_wconf 82' lang='lat' dir='ltr'>Totam</span> <span class='ocrx_word' id='word_1_54' title='bbox 468 1248 550 1312; x_wconf 86' lang='lat' dir='ltr'>ergo</span> <span class='ocrx_word' id='word_1_55' title='bbox 573 1231 665 1296; x_wconf 91' lang='lat' dir='ltr'>illam</span> <span class='ocrx_word' id='word_1_56' title='bbox 688 1232 913 1313; x_wconf 87' lang='lat' dir='ltr'>quaestionem</span> <span class='ocrx_word' id='word_1_57' title='bbox 935 1232 1011 1296; x_wconf 88' lang='lat' dir='ltr'>inde</span> <span class='ocrx_word' id='word_1_58' title='bbox 1032 1236 1200 1312; x_wconf 84' lang='lat' dir='ltr'>repetens,</span> <span class='ocrx_word' id='word_1_59' title='bbox 1214 1235 1303 1314; x_wconf 88' lang='lat' dir='ltr'>quod</span> <span class='ocrx_word' id='word_1_60' title='bbox 1318 1248 1356 1282; x_wconf 48' lang='grc' dir='ltr'>-ε</span> 
     </span>
     <span class='ocr_line' id='line_1_10' title="bbox 247 1348 1353 1430; baseline 0.004 -17"><span class='ocrx_word' id='word_1_61' title='bbox 247 1352 294 1422; x_wconf 65' lang='grc' dir='ltr'>ιιι,</span> <span class='ocrx_word' id='word_1_62' title='bbox 318 1353 440 1430; x_wconf 80' lang='lat' dir='ltr'>postea</span> <span class='ocrx_word' id='word_1_63' title='bbox 472 1350 708 1430; x_wconf 84' lang='lat' dir='ltr'>comprobabo,</span> <span class='ocrx_word' id='word_1_64' title='bbox 742 1348 829 1414; x_wconf 84' lang='lat' dir='ltr'>falso</span> <span class='ocrx_word' id='word_1_65' title='bbox 856 1366 964 1430; x_wconf 90' lang='lat' dir='ltr'>neque</span> <span class='ocrx_word' id='word_1_66' title='bbox 988 1349 1077 1430; x_wconf 83' lang='lat' dir='ltr'>J&#39;ure.</span> <span class='ocrx_word' id='word_1_67' title='bbox 1091 1384 1120 1413; x_wconf 88' lang='lat'>—.</span> <span class='ocrx_word' id='word_1_68' title='bbox 1149 1351 1228 1415; x_wconf 89' lang='lat' dir='ltr'>dicit</span> <span class='ocrx_word' id='word_1_69' title='bbox 1250 1354 1353 1417; x_wconf 87' lang='lat' dir='ltr'>arsim</span> 
     </span>
     <span class='ocr_line' id='line_1_11' title="bbox 247 1466 1352 1550; baseline 0.002 -19"><span class='ocrx_word' id='word_1_70' title='bbox 247 1483 409 1532; x_wconf 87' lang='lat' dir='ltr'>versuum</span> <span class='ocrx_word' id='word_1_71' title='bbox 431 1467 450 1530; x_wconf 93' lang='lat' dir='ltr'>i.</span> <span class='ocrx_word' id='word_1_72' title='bbox 473 1484 501 1531; x_wconf 94' lang='lat' dir='ltr'>e.</span> <span class='ocrx_word' id='word_1_73' title='bbox 523 1468 641 1547; x_wconf 89' lang='lat' dir='ltr'>ictum,</span> <span class='ocrx_word' id='word_1_74' title='bbox 664 1466 721 1547; x_wconf 88' lang='lat' dir='ltr'>qui</span> <span class='ocrx_word' id='word_1_75' title='bbox 744 1468 878 1548; x_wconf 85' lang='lat' dir='ltr'>quidem</span> <span class='ocrx_word' id='word_1_76' title='bbox 901 1467 1003 1531; x_wconf 85' lang='lat' dir='ltr'>arsim</span> <span class='ocrx_word' id='word_1_77' title='bbox 1028 1468 1165 1533; x_wconf 79' lang='lat' dir='ltr'>assidue</span> <span class='ocrx_word' id='word_1_78' title='bbox 1181 1473 1352 1550; x_wconf 86' lang='lat' dir='ltr'>sequatur,</span> 
     </span>
     <span class='ocr_line' id='line_1_12' title="bbox 244 1584 1354 1668; baseline 0.003 -19"><span class='ocrx_word' id='word_1_79' title='bbox 244 1584 487 1666; x_wconf 79' lang='lat' dir='ltr'>longitudinem</span> <span class='ocrx_word' id='word_1_80' title='bbox 521 1585 621 1650; x_wconf 88' lang='lat' dir='ltr'>unius</span> <span class='ocrx_word' id='word_1_81' title='bbox 653 1585 829 1650; x_wconf 84' lang='lat' dir='ltr'>extribus</span> <span class='ocrx_word' id='word_1_82' title='bbox 857 1585 1151 1666; x_wconf 86' lang='lat' dir='ltr'>ultimis-syllabis</span> <span class='ocrx_word' id='word_1_83' title='bbox 1174 1586 1193 1650; x_wconf 90' lang='lat' dir='ltr'>i.</span> <span class='ocrx_word' id='word_1_84' title='bbox 1216 1604 1255 1666; x_wconf 82' lang='lat' dir='ltr'>e,</span> <span class='ocrx_word' id='word_1_85' title='bbox 1279 1605 1354 1668; x_wconf 83' lang='lat' dir='ltr'>quae</span> 
     </span>
     <span class='ocr_line' id='line_1_13' title="bbox 244 1700 1357 1784; baseline 0.003 -17"><span class='ocrx_word' id='word_1_86' title='bbox 244 1700 432 1783; x_wconf 80' lang='lat' dir='ltr'>&#39;Tnnldnge&#39;</span> <span class='ocrx_word' id='word_1_87' title='bbox 461 1707 614 1780; x_wconf 83' lang='lat' dir='ltr'>vocatur,</span> <span class='ocrx_word' id='word_1_88' title='bbox 641 1719 777 1782; x_wconf 84' lang='lat' dir='ltr'><strong>semper</strong></span> <span class='ocrx_word' id='word_1_89' title='bbox 791 1702 868 1766; x_wconf 82' lang='lat' dir='ltr'>¹lere</span> <span class='ocrx_word' id='word_1_90' title='bbox 890 1719 1063 1783; x_wconf 85' lang='lat' dir='ltr'>occupare,</span> <span class='ocrx_word' id='word_1_91' title='bbox 1091 1704 1237 1784; x_wconf 84' lang='lat' dir='ltr'>primum·</span> <span class='ocrx_word' id='word_1_92' title='bbox 1263 1706 1357 1770; x_wconf 81' lang='lat' dir='ltr'>Cors-</span> 
     </span>
     <span class='ocr_line' id='line_1_14' title="bbox 245 1819 1358 1904; baseline 0.003 -19"><span class='ocrx_word' id='word_1_93' title='bbox 245 1821 360 1885; x_wconf 85' lang='lat' dir='ltr'>senius</span> <span class='ocrx_word' id='word_1_94' title='bbox 376 1821 438 1885; x_wconf 90' lang='lat' dir='ltr'>boo</span> <span class='ocrx_word' id='word_1_95' title='bbox 453 1820 649 1886; x_wconf 78' lang='lat' dir='ltr'>concludere</span> <span class='ocrx_word' id='word_1_96' title='bbox 664 1820 741 1884; x_wconf 90' lang='lat' dir='ltr'>vult</span> <span class='ocrx_word' id='word_1_97' title='bbox 755 1819 914 1899; x_wconf 82' lang='lat' dir='ltr'>linguam,</span> <span class='ocrx_word' id='word_1_98' title='bbox 930 1838 1015 1900; x_wconf 84' lang='lat' dir='ltr'>quae,</span> <span class='ocrx_word' id='word_1_99' title='bbox 1032 1835 1240 1902; x_wconf 87' lang='lat' dir='ltr'>quamquam</span> <span class='ocrx_word' id='word_1_100' title='bbox 1257 1823 1358 1904; x_wconf 84' lang='lat' dir='ltr'>longa</span> 
     </span>
     <span class='ocr_line' id='line_1_15' title="bbox 251 1938 1359 2022; baseline 0.002 -18"><span class='ocrx_word' id='word_1_101' title='bbox 251 1939 385 2020; x_wconf 83' lang='lat' dir='ltr'>syllaba</span> <span class='ocrx_word' id='word_1_102' title='bbox 408 1955 445 2003; x_wconf 89' lang='lat' dir='ltr'>se</span> <span class='ocrx_word' id='word_1_103' title='bbox 467 1939 597 2017; x_wconf 83' lang='lat' dir='ltr'>offerat,</span> <span class='ocrx_word' id='word_1_104' title='bbox 620 1938 757 2002; x_wconf 84' lang='lat' dir='ltr'>brevem</span> <span class='ocrx_word' id='word_1_105' title='bbox 780 1943 895 2002; x_wconf 88' lang='lat' dir='ltr'>tamen</span> <span class='ocrx_word' id='word_1_106' title='bbox 920 1938 1045 2018; x_wconf 85' lang='lat' dir='ltr'>saepius</span> <span class='ocrx_word' id='word_1_107' title='bbox 1067 1943 1177 2017; x_wconf 80' lang='lat' dir='ltr'>acuat,</span> <span class='ocrx_word' id='word_1_108' title='bbox 1193 1957 1232 2004; x_wconf 90' lang='lat' dir='ltr'>ec</span> <span class='ocrx_word' id='word_1_109' title='bbox 1248 1943 1359 2022; x_wconf 91' lang='lat' dir='ltr'>magis</span> 
     </span>
     <span class='ocr_line' id='line_1_16' title="bbox 244 2055 1358 2123; baseline 0.002 -2"><span class='ocrx_word' id='word_1_110' title='bbox 244 2056 349 2122; x_wconf 87' lang='lat' dir='ltr'>etiam</span> <span class='ocrx_word' id='word_1_111' title='bbox 386 2056 560 2120; x_wconf 85' lang='lat' dir='ltr'>discordiae</span> <span class='ocrx_word' id='word_1_112' title='bbox 596 2055 710 2120; x_wconf 80' lang='lat' dir='ltr'>favere</span> <span class='ocrx_word' id='word_1_113' title='bbox 742 2055 831 2119; x_wconf 90' lang='lat' dir='ltr'>inter</span> <span class='ocrx_word' id='word_1_114' title='bbox 852 2058 1030 2120; x_wconf 87' lang='lat' dir='ltr'>accentum</span> <span class='ocrx_word' id='word_1_115' title='bbox 1053 2059 1088 2120; x_wconf 83' lang='lat' dir='ltr'>et</span> <span class='ocrx_word' id='word_1_116' title='bbox 1109 2057 1224 2121; x_wconf 90' lang='lat' dir='ltr'>ictum.</span> <span class='ocrx_word' id='word_1_117' title='bbox 1270 2059 1358 2123; x_wconf 85' lang='lat' dir='ltr'>Nam</span> 
     </span>
     <span class='ocr_line' id='line_1_17' title="bbox 246 2174 1358 2255; baseline 0.001 -15"><span class='ocrx_word' id='word_1_118' title='bbox 246 2175 332 2240; x_wconf 87' lang='lat' dir='ltr'>satis</span> <span class='ocrx_word' id='word_1_119' title='bbox 368 2175 483 2255; x_wconf 89' lang='lat' dir='ltr'>liquet,</span> <span class='ocrx_word' id='word_1_120' title='bbox 517 2174 548 2238; x_wconf 90' lang='lat' dir='ltr'>si·</span> <span class='ocrx_word' id='word_1_121' title='bbox 580 2174 699 2254; x_wconf 86' lang='lat' dir='ltr'>longas</span> <span class='ocrx_word' id='word_1_122' title='bbox 731 2174 883 2255; x_wconf 85' lang='lat' dir='ltr'>syllabas</span> <span class='ocrx_word' id='word_1_123' title='bbox 916 2174 1004 2238; x_wconf 89' lang='lat' dir='ltr'>ictus</span> <span class='ocrx_word' id='word_1_124' title='bbox 1037 2178 1139 2254; x_wconf 89' lang='lat' dir='ltr'>amet,</span> <span class='ocrx_word' id='word_1_125' title='bbox 1171 2175 1213 2238; x_wconf 89' lang='lat' dir='ltr'>ad</span> <span class='ocrx_word' id='word_1_126' title='bbox 1238 2177 1358 2241; x_wconf 85' lang='lat' dir='ltr'>breves</span> 
     </span>
     <span class='ocr_line' id='line_1_18' title="bbox 248 2292 1359 2372; baseline 0.002 -14"><span class='ocrx_word' id='word_1_127' title='bbox 248 2297 363 2363; x_wconf 89' lang='lat' dir='ltr'>autem</span> <span class='ocrx_word' id='word_1_128' title='bbox 387 2295 548 2357; x_wconf 85' lang='lat' dir='ltr'>accentus</span> <span class='ocrx_word' id='word_1_129' title='bbox 571 2292 729 2357; x_wconf 80' lang='lat' dir='ltr'>facillime</span> <span class='ocrx_word' id='word_1_130' title='bbox 751 2292 965 2371; x_wconf 71' lang='lat' dir='ltr'>admittatur,</span> <span class='ocrx_word' id='word_1_131' title='bbox 983 2310 1022 2357; x_wconf 92' lang='lat' dir='ltr'>eo</span> <span class='ocrx_word' id='word_1_132' title='bbox 1038 2293 1199 2372; x_wconf 84' lang='lat' dir='ltr'>majorem</span> <span class='ocrx_word' id='word_1_133' title='bbox 1215 2295 1359 2360; x_wconf 87' lang='lat' dir='ltr'>evadere</span> 
     </span>
     <span class='ocr_line' id='line_1_19' title="bbox 247 2410 1357 2491; baseline 0.001 -16"><span class='ocrx_word' id='word_1_134' title='bbox 247 2411 458 2486; x_wconf 88' lang='lat' dir='ltr'>discordiam,</span> <span class='ocrx_word' id='word_1_135' title='bbox 492 2427 558 2490; x_wconf 88' lang='lat' dir='ltr'>quo</span> <span class='ocrx_word' id='word_1_136' title='bbox 592 2410 727 2490; x_wconf 78' lang='lat' dir='ltr'>sesninc,</span> <span class='ocrx_word' id='word_1_137' title='bbox 761 2410 919 2490; x_wconf 83' lang='lat' dir='ltr'>quamvis</span> <span class='ocrx_word' id='word_1_138' title='bbox 948 2410 1047 2491; x_wconf 85' lang='lat' dir='ltr'>longa</span> <span class='ocrx_word' id='word_1_139' title='bbox 1076 2410 1122 2474; x_wconf 87' lang='lat' dir='ltr'>sit</span> <span class='ocrx_word' id='word_1_140' title='bbox 1145 2410 1288 2491; x_wconf 87' lang='lat' dir='ltr'>syllaba,</span> <span class='ocrx_word' id='word_1_141' title='bbox 1315 2413 1357 2476; x_wconf 88' lang='lat' dir='ltr'>ad</span> 
     </span>
     <span class='ocr_line' id='line_1_20' title="bbox 247 2527 1355 2629; baseline -0.003 -34"><span class='ocrx_word' id='word_1_142' title='bbox 247 2531 384 2597; x_wconf 90' lang='lat' dir='ltr'>brevem</span> <span class='ocrx_word' id='word_1_143' title='bbox 401 2573 403 2578; x_wconf 26' lang='lat'><strong>¹</strong></span> <span class='ocrx_word' id='word_1_144' title='bbox 418 2531 535 2594; x_wconf 86' lang='lat' dir='ltr'>tamen</span> <span class='ocrx_word' id='word_1_145' title='bbox 568 2531 727 2593; x_wconf 89' lang='lat' dir='ltr'>accentus</span> <span class='ocrx_word' id='word_1_146' title='bbox 757 2527 956 2592; x_wconf 87' lang='lat' dir='ltr'>transsiliat.</span> <span class='ocrx_word' id='word_1_147' title='bbox 1002 2529 1124 2608; x_wconf 84' lang='lat' dir='ltr'>Longae</span> <span class='ocrx_word' id='word_1_148' title='bbox 1147 2529 1247 2593; x_wconf 91' lang='lat' dir='ltr'>modo</span> <span class='ocrx_word' id='word_1_149' title='bbox 1269 2530 1355 2629; x_wconf 79' lang='lat' dir='ltr'>enim</span> 
     </span>
     <span class='ocr_line' id='line_1_21' title="bbox 247 2645 1358 2730; baseline -0.002 -17"><span class='ocrx_word' id='word_1_150' title='bbox 247 2647 599 2730; x_wconf 84' lang='lat' dir='ltr'>syllabae-communis</span> <span class='ocrx_word' id='word_1_151' title='bbox 622 2648 704 2710; x_wconf 90' lang='lat' dir='ltr'>sunt</span> <span class='ocrx_word' id='word_1_152' title='bbox 726 2646 829 2724; x_wconf 86' lang='lat' dir='ltr'>locus,</span> <span class='ocrx_word' id='word_1_153' title='bbox 853 2663 918 2726; x_wconf 90' lang='lat' dir='ltr'>quo</span> <span class='ocrx_word' id='word_1_154' title='bbox 941 2645 1029 2710; x_wconf 89' lang='lat' dir='ltr'>inter</span> <span class='ocrx_word' id='word_1_155' title='bbox 1051 2661 1088 2709; x_wconf 88' lang='lat' dir='ltr'>se</span> <span class='ocrx_word' id='word_1_156' title='bbox 1111 2650 1258 2725; x_wconf 84' lang='lat' dir='ltr'>possunt</span> <span class='ocrx_word' id='word_1_157' title='bbox 1285 2665 1358 2711; x_wconf 90' lang='lat' dir='ltr'>con-</span> 
     </span>
     <span class='ocr_line' id='line_1_22' title="bbox 249 2764 1358 2846; baseline -0.004 -15"><span class='ocrx_word' id='word_1_158' title='bbox 249 2767 373 2831; x_wconf 87' lang='lat' dir='ltr'>venire.</span> <span class='ocrx_word' id='word_1_159' title='bbox 417 2766 525 2846; x_wconf 83' lang='lat' dir='ltr'>Atqui</span> <span class='ocrx_word' id='word_1_160' title='bbox 558 2764 646 2845; x_wconf 81' lang='lat' dir='ltr'>apud</span> <span class='ocrx_word' id='word_1_161' title='bbox 680 2781 807 2844; x_wconf 88' lang='lat' dir='ltr'>graecos</span> <span class='ocrx_word' id='word_1_162' title='bbox 839 2764 891 2828; x_wconf 82' lang='lat' dir='ltr'>hae</span> <span class='ocrx_word' id='word_1_163' title='bbox 920 2765 1003 2827; x_wconf 87' lang='lat' dir='ltr'>sunt</span> <span class='ocrx_word' id='word_1_164' title='bbox 1036 2780 1159 2828; x_wconf 86' lang='lat' dir='ltr'>novem</span> <span class='ocrx_word' id='word_1_165' title='bbox 1181 2765 1285 2827; x_wconf 89' lang='lat' dir='ltr'>variae</span> <span class='ocrx_word' id='word_1_166' title='bbox 1308 2781 1358 2828; x_wconf 89' lang='lat' dir='ltr'>ac·</span> 
     </span>
     <span class='ocr_line' id='line_1_23' title="bbox 247 2880 1358 2964; baseline -0.004 -15"><span class='ocrx_word' id='word_1_167' title='bbox 247 2888 366 2950; x_wconf 89' lang='lat' dir='ltr'>centus</span> <span class='ocrx_word' id='word_1_168' title='bbox 389 2885 514 2964; x_wconf 87' lang='lat' dir='ltr'>figurae,</span> <span class='ocrx_word' id='word_1_169' title='bbox 543 2882 600 2946; x_wconf 92' lang='lat' dir='ltr'>ubi</span> <span class='ocrx_word' id='word_1_170' title='bbox 622 2881 736 2946; x_wconf 88' lang='lat' dir='ltr'>brevis</span> <span class='ocrx_word' id='word_1_171' title='bbox 758 2881 900 2960; x_wconf 89' lang='lat' dir='ltr'>syllaba,</span> <span class='ocrx_word' id='word_1_172' title='bbox 928 2898 992 2945; x_wconf 90' lang='lat' dir='ltr'>non</span> <span class='ocrx_word' id='word_1_173' title='bbox 1017 2880 1126 2961; x_wconf 87' lang='lat' dir='ltr'>longa,</span> <span class='ocrx_word' id='word_1_174' title='bbox 1149 2890 1358 2962; x_wconf 85' lang='lat' dir='ltr'>quamquam</span> 
     </span>
     <span class='ocr_line' id='line_1_24' title="bbox 246 2999 687 3080; baseline -0.016 -11"><span class='ocrx_word' id='word_1_175' title='bbox 246 3006 313 3078; x_wconf 85' lang='lat' dir='ltr'>est,</span> <span class='ocrx_word' id='word_1_176' title='bbox 335 3001 469 3067; x_wconf 89' lang='lat' dir='ltr'>acuitur</span> <span class='ocrx_word' id='word_1_177' title='bbox 490 3003 577 3080; x_wconf 79' lang='lat' dir='ltr'>(pag.</span> <span class='ocrx_word' id='word_1_178' title='bbox 600 2999 687 3070; x_wconf 72' lang='lat' dir='ltr'>bill:</span> 
     </span>
    </p>
   </div>
   <div class='ocr_carea' id='block_1_3' title="bbox 329 3134 1278 3200">
    <p class='ocr_par' dir='ltr' id='par_1_4' title="bbox 329 3134 1278 3200">
     <span class='ocr_line' id='line_1_25' title="bbox 329 3134 1278 3200; baseline -0.003 -2"><span class='ocrx_word' id='word_1_179' title='bbox 329 3137 451 3200; x_wconf 62' lang='grc' dir='ltr'>*ύ,</span> <span class='ocrx_word' id='word_1_180' title='bbox 554 3165 597 3197; x_wconf 66' lang='grc' dir='ltr'><strong>υ</strong></span> <span class='ocrx_word' id='word_1_181' title='bbox 672 3163 715 3195; x_wconf 66' lang='grc' dir='ltr'><strong>υ</strong></span> <span class='ocrx_word' id='word_1_182' title='bbox 960 3151 962 3156; x_wconf 84' lang='grc'><strong>’</strong></span> <span class='ocrx_word' id='word_1_183' title='bbox 1121 3134 1278 3196; x_wconf 48' lang='lat' dir='ltr'>*QG</span> 
     </span>
    </p>
   </div>
   <div class='ocr_carea' id='block_1_4' title="bbox 273 3135 738 3319">
    <p class='ocr_par' dir='ltr' id='par_1_5' title="bbox 273 3135 738 3319">
     <span class='ocr_line' id='line_1_26' title="bbox 573 3135 656 3180; baseline 0 0"><span class='ocrx_word' id='word_1_184' title='bbox 573 3135 656 3180; x_wconf 60' lang='lat'>&#39;-</span> 
     </span>
     <span class='ocr_line' id='line_1_27' title="bbox 273 3255 738 3319; baseline -0.009 0"><span class='ocrx_word' id='word_1_185' title='bbox 273 3257 456 3319; x_wconf 18' lang='lat' dir='ltr'>tc-ff</span> <span class='ocrx_word' id='word_1_186' title='bbox 556 3255 738 3316; x_wconf 49' lang='lat' dir='ltr'>o-c.</span> 
     </span>
    </p>
   </div>
   <div class='ocr_carea' id='block_1_5' title="bbox 253 3404 1362 3908">
    <p class='ocr_par' dir='ltr' id='par_1_6' title="bbox 332 3404 1285 3538">
     <span class='ocr_line' id='line_1_28' title="bbox 332 3404 1285 3538; baseline -0.003 -16"><span class='ocrx_word' id='word_1_187' title='bbox 332 3457 431 3538; x_wconf 84' lang='lat' dir='ltr'>Apud</span> <span class='ocrx_word' id='word_1_188' title='bbox 455 3457 580 3522; x_wconf 88' lang='lat' dir='ltr'>latinos</span> <span class='ocrx_word' id='word_1_189' title='bbox 603 3458 656 3521; x_wconf 82' lang='lat' dir='ltr'>hae·</span> <span class='ocrx_word' id='word_1_190' title='bbox 678 3459 767 3521; x_wconf 64' lang='lat' dir='ltr'>suut,</span> <span class='ocrx_word' id='word_1_191' title='bbox 782 3457 920 3530; x_wconf 87' lang='lat' dir='ltr'>tautum</span> <span class='ocrx_word' id='word_1_192' title='bbox 943 3455 1124 3536; x_wconf 78' lang='lat' dir='ltr'>eJusmodi:</span> <span class='ocrx_word' id='word_1_193' title='bbox 1181 3404 1222 3434; x_wconf 50' lang='grc' dir='ltr'><strong>υ</strong></span> <span class='ocrx_word' id='word_1_194' title='bbox 1283 3469 1285 3474; x_wconf 75' lang='grc'>’</span> 
     </span>
    </p>

    <p class='ocr_par' dir='ltr' id='par_1_7' title="bbox 253 3592 1362 3908">
     <span class='ocr_line' id='line_1_29' title="bbox 332 3592 757 3654; baseline -0.002 0"><span class='ocrx_word' id='word_1_195' title='bbox 332 3593 373 3654; x_wconf 65' lang='grc' dir='ltr'>φ</span> <span class='ocrx_word' id='word_1_196' title='bbox 390 3623 432 3633; x_wconf 93' lang='grc'><strong>-</strong></span> <span class='ocrx_word' id='word_1_197' title='bbox 598 3592 640 3653; x_wconf 67' lang='grc' dir='ltr'>ό</span> <span class='ocrx_word' id='word_1_198' title='bbox 657 3622 698 3654; x_wconf 64' lang='grc' dir='ltr'><strong>υ</strong></span> <span class='ocrx_word' id='word_1_199' title='bbox 715 3624 757 3635; x_wconf 91' lang='grc'><strong>-</strong></span> 
     </span>
     <span class='ocr_line' id='line_1_30' title="bbox 256 3706 1362 3790; baseline -0.005 -16"><span class='ocrx_word' id='word_1_200' title='bbox 256 3749 258 3753; x_wconf 36' lang='lat'><em>⁴</em></span> <span class='ocrx_word' id='word_1_201' title='bbox 332 3706 451 3782; x_wconf 54' lang='lat' dir='ltr'>Indefl</span> <span class='ocrx_word' id='word_1_202' title='bbox 480 3709 582 3790; x_wconf 90' lang='lat' dir='ltr'>igitur</span> <span class='ocrx_word' id='word_1_203' title='bbox 614 3727 780 3790; x_wconf 86' lang='lat' dir='ltr'>apparere</span> <span class='ocrx_word' id='word_1_204' title='bbox 810 3725 989 3773; x_wconf 89' lang='lat' dir='ltr'>numerum</span> <span class='ocrx_word' id='word_1_205' title='bbox 1017 3709 1207 3786; x_wconf 89' lang='lat' dir='ltr'>verborum,</span> <span class='ocrx_word' id='word_1_206' title='bbox 1231 3707 1287 3770; x_wconf 92' lang='lat' dir='ltr'>ubi</span> <span class='ocrx_word' id='word_1_207' title='bbox 1311 3723 1362 3770; x_wconf 87' lang='lat' dir='ltr'>ac·</span> 
     </span>
     <span class='ocr_line' id='line_1_31' title="bbox 253 3826 1362 3908; baseline -0.004 -16"><span class='ocrx_word' id='word_1_208' title='bbox 253 3830 373 3892; x_wconf 88' lang='lat' dir='ltr'>centus</span> <span class='ocrx_word' id='word_1_209' title='bbox 407 3827 660 3908; x_wconf 90' lang='lat' dir='ltr'>longitudinem,</span> <span class='ocrx_word' id='word_1_210' title='bbox 694 3845 770 3908; x_wconf 85' lang='lat' dir='ltr'>quae</span> <span class='ocrx_word' id='word_1_211' title='bbox 801 3826 992 3906; x_wconf 76' lang='lat' dir='ltr'>&#39;Tonltnge&#39;</span> <span class='ocrx_word' id='word_1_212' title='bbox 1026 3828 1178 3900; x_wconf 83' lang='lat' dir='ltr'>vocatur,</span> <span class='ocrx_word' id='word_1_213' title='bbox 1213 3841 1279 3888; x_wconf 91' lang='lat' dir='ltr'>non</span> <span class='ocrx_word' id='word_1_214' title='bbox 1312 3841 1362 3888; x_wconf 89' lang='lat' dir='ltr'>oc-</span> 
     </span>
    </p>
   </div>
   <div class='ocr_carea' id='block_1_6' title="bbox 254 3947 451 3954">
    <p class='ocr_par' dir='ltr' id='par_1_8' title="bbox 254 3947 451 3954">
     <span class='ocr_line' id='line_1_32' title="bbox 254 3947 451 3954; baseline -0.005 -1"><span class='ocrx_word' id='word_1_215' title='bbox 254 3947 451 3954; x_wconf 70' lang='grc'>-..----</span> 
     </span>
    </p>
   </div>
   <div class='ocr_carea' id='block_1_7' title="bbox 248 3962 1363 4146">
    <p class='ocr_par' dir='ltr' id='par_1_9' title="bbox 248 3962 1363 4146">
     <span class='ocr_line' id='line_1_33' title="bbox 266 3962 1363 4057; baseline -0.005 -10"><span class='ocrx_word' id='word_1_216' title='bbox 266 3962 281 3992; x_wconf 25' lang='grc' dir='ltr'>ι’</span> <span class='ocrx_word' id='word_1_217' title='bbox 314 3995 334 4057; x_wconf 76' lang='grc'>’)</span> <span class='ocrx_word' id='word_1_218' title='bbox 351 3982 418 4047; x_wconf 87' lang='lat' dir='ltr'>Hoc</span> <span class='ocrx_word' id='word_1_219' title='bbox 432 4005 501 4046; x_wconf 91' lang='lat' dir='ltr'>vero</span> <span class='ocrx_word' id='word_1_220' title='bbox 518 3989 638 4045; x_wconf 88' lang='lat' dir='ltr'>minime</span> <span class='ocrx_word' id='word_1_221' title='bbox 657 4005 832 4045; x_wconf 87' lang='lat' dir='ltr'>consensum</span> <span class='ocrx_word' id='word_1_222' title='bbox 850 3988 933 4043; x_wconf 91' lang='lat' dir='ltr'>illum</span> <span class='ocrx_word' id='word_1_223' title='bbox 945 3988 1083 4057; x_wconf 86' lang='lat' dir='ltr'>impedire</span> <span class='ocrx_word' id='word_1_224' title='bbox 1095 3987 1217 4054; x_wconf 82' lang='lat' dir='ltr'>videtur,</span> <span class='ocrx_word' id='word_1_225' title='bbox 1230 3988 1254 4041; x_wconf 88' lang='lat' dir='ltr'>si</span> <span class='ocrx_word' id='word_1_226' title='bbox 1266 3987 1363 4042; x_wconf 88' lang='lat' dir='ltr'>brevis</span> 
     </span>
     <span class='ocr_line' id='line_1_34' title="bbox 248 4071 1363 4146; baseline -0.004 -15"><span class='ocrx_word' id='word_1_227' title='bbox 248 4076 359 4146; x_wconf 90' lang='lat' dir='ltr'>syllaba</span> <span class='ocrx_word' id='word_1_228' title='bbox 377 4077 505 4139; x_wconf 85' lang='lat' dir='ltr'>acuatur,</span> <span class='ocrx_word' id='word_1_229' title='bbox 523 4075 662 4130; x_wconf 89' lang='lat' dir='ltr'>modone</span> <span class='ocrx_word' id='word_1_230' title='bbox 681 4076 749 4129; x_wconf 86' lang='lat' dir='ltr'>ante</span> <span class='ocrx_word' id='word_1_231' title='bbox 766 4074 883 4141; x_wconf 90' lang='lat' dir='ltr'>longam</span> <span class='ocrx_word' id='word_1_232' title='bbox 901 4073 995 4141; x_wconf 86' lang='lat' dir='ltr'>posita</span> <span class='ocrx_word' id='word_1_233' title='bbox 1012 4073 1058 4139; x_wconf 86' lang='lat' dir='ltr'>sit,</span> <span class='ocrx_word' id='word_1_234' title='bbox 1076 4073 1111 4125; x_wconf 92' lang='lat' dir='ltr'>de</span> <span class='ocrx_word' id='word_1_235' title='bbox 1130 4086 1186 4138; x_wconf 85' lang='lat' dir='ltr'>quo</span> <span class='ocrx_word' id='word_1_236' title='bbox 1203 4072 1268 4126; x_wconf 87' lang='lat' dir='ltr'>vide</span> <span class='ocrx_word' id='word_1_237' title='bbox 1280 4071 1363 4126; x_wconf 84' lang='lat' dir='ltr'>infra.</span> 
     </span>
    </p>
   </div>
   <div class='ocr_carea' id='block_1_8' title="bbox 0 0 1426 4596">
    <p class='ocr_par' dir='ltr' id='par_1_10' title="bbox 0 0 1426 4596">
     <span class='ocr_line' id='line_1_35' title="bbox 0 0 1426 4596; baseline 0 0"><span class='ocrx_word' id='word_1_238' title='bbox 0 0 1426 4596; x_wconf 95' lang='lat' dir='ltr'> </span> 
     </span>
    </p>
   </div>
  </div>
 </body>
</html>
