2834 4596
1181 280 1220 342 57

151 453 232 512 sunt
255 451 390 512 tantam
415 450 510 512 nobis
533 449 780 513 dubitationem
804 448 992 528 injicientis,
1017 446 1097 510 nihil
1114 451 1153 509 ut
1171 449 1263 512 certe

146 566 284 646 Judioes
329 567 416 630 Nam
440 566 518 647 quid
535 567 591 645 sit,
615 566 701 646 quod
719 566 834 628 dicunt
854 566 883 628 si
903 582 968 628 non
988 564 1262 644 longitudinem,

150 688 188 747 at
215 686 331 746 tamen
362 683 607 762 altitudinem,
642 681 921 746 ’crassitudinem’
945 683 977 745 in
1000 681 1163 762 ambiguo
1194 681 1263 746 fere

150 805 215 879 est,
237 804 273 864 et
298 801 433 864 omnino
456 802 570 878 verba,
594 801 716 881 quibus
744 804 783 864 ut
805 787 874 865 vim
899 800 1070 864 declarent
1092 803 1262 871 accentus,

151 921 305 995 utuntur,
341 921 380 980 ut
406 918 621 998 deprimere,
659 917 873 998 sublimare,
912 917 1061 995 acuere,
1099 916 1262 991 'elevaret

156 1053 276 1100 vocem
298 1035 493 1114 intendere,
527 1036 581 1099 vel
605 1035 794 1112 inclinare,
830 1037 944 1099 cetera
978 1051 1042 1099 non
1077 1034 1189 1097 minus
1219 1034 1262 1097 ad

155 1153 270 1218 varios
292 1170 454 1217 sonorum
476 1153 601 1233 gradus
624 1170 726 1234 quam
748 1153 818 1217 vim
840 1154 875 1216 et
898 1152 1263 1216 contentionem‘vocis

151 1271 318 1351 pertinere
341 1274 495 1350 possunt.
540 1271 582 1334 ut
604 1270 643 1333 fir
666 1270 824 1349 fortasse,
859 1270 1132 1350 ut‘grammatici
1155 1269 1262 1349 latini,

151 1389 206 1469 qui
229 1389 261 1451 in
285 1405 326 1451 ea
347 1405 382 1451 re
410 1403 538 1467 graecos
566 1388 737 1451 habebant
767 1391 935 1463 auctores,
969 1386 1060 1466 leges
1083 1387 1183 1450 modo
1205 1386 1262 1449 lin-

151 1523 225 1585 guae
248 1523 365 1584 graecae
389 1503 461 1567 sine
481 1504 603 1584 judicio
626 1504 666 1567 ad
698 1521 796 1568 suam
819 1505 968 1584 linguam
991 1503 1262 1567 accommodave-

150 1621 228 1699 rint,
261 1622 377 1702 itaque
409 1639 480 1686 rem
514 1621 779 1685 demonstrarint
800 1637 877 1691 ‚non
915 1623 973 1700 ita,
1011 1624 1051 1684 ut
1081 1623 1165 1700 erat,
1203 1621 1262 1684 sed

152 1739 288 1818 qualem
325 1754 401 1802 esse
440 1738 622 1802 credebant
664 1738 718 1802 vel
763 1742 918 1818 oportere
963 1755 1039 1802 esse
1082 1738 1261 1818 putabant.

153 1855 413 1935 Conrparatione
434 1856 536 1934 igitur
559 1855 705 1934 primum
728 1873 814 1936 opus
837 1858 891 1920 est
907 1859 1163 1936 praceptorum,
1187 1872 1263 1934 quae

153 1972 277 2036 dantur
307 1973 467 2051 agraecis
500 1976 535 2036 et
568 1972 693 2048 latinis
728 1972 845 2036 deinde
878 1973 982 2036 etiam
1017 1971 1262 2053 disquisitione,

152 2089 357 2167 quamnim
390 2090 538 2152 habeant
570 2089 602 2151 iu
644 2106 798 2152 sermone
831 2088 1025 2169 quotidiano
1059 2090 1162 2153 verba
1195 2089 1262 2162 illa,

152 2206 274 2284 quibus
297 2208 449 2269 utuntur.

236 2323 318 2386 Haec
348 2323 417 2401 jam
454 2339 603 2402 quaerere
638 2339 751 2386 meum
786 2335 851 2385 uon
885 2326 953 2403 est;
991 2322 1070 2387 olim
1103 2323 1262 2386 tortasse.

153 2439 204 2501 Ex
227 2455 265 2501 eo
289 2442 415 2517 tamen,
439 2439 528 2519 quod
551 2440 702 2519 cognovi,
725 2439 907 2503 verisimile
930 2457 1006 2504 esse
1021 2439 1156 2503 videtur
1175 2457 1263 2519 mag·

153 2571 232 2616 nam
255 2554 286 2617 in
312 2555 425 2633 lingua
447 2556 552 2621 fuisse
576 2557 645 2620 vim
668 2555 875 2628 musicalem.
915 2557 991 2620 Huc
1013 2563 1130 2620 autem
1146 2560 1261 2621 utrum

152 2673 334 2735 accesserit
356 2673 582 2753 exspiratoria
604 2674 656 2737 vis
686 2690 798 2750 necne,
835 2674 867 2736 id
886 2674 957 2752 Jam
980 2674 1012 2737 in
1037 2674 1146 2739 medio
1169 2674 1262 2738 relin-

60 2813 62 2815 .
154 2787 323 2866 quendum
346 2792 411 2869 est,
432 2792 468 2853 et
491 2790 617 2867 dubito,
653 2809 733 2853 num
768 2807 930 2870 umquam
953 2791 1162 2854 testimoniis
1191 2795 1262 2856 tan·

152 2909 227 2966 tum
249 2907 547 2984 grammaticorum
573 2908 668 2971 nisus
691 2910 819 2971 certam
841 2909 1003 2988 consequi
1025 2908 1138 2988 possis
1161 2909 1262 2972 scien·

136 3021 245 3083 tiam.
292 3023 389 3086 Viam
414 3026 540 3102 tamen,
575 3043 641 3104 qua
669 3041 736 3088 una
764 3042 840 3088 mea
868 3026 1001 3105 quidem
1027 3025 1198 3090 sententia
1221 3026 1263 3089 ad

152 3141 280 3200 cerium
303 3139 463 3218 judicium
489 3142 674 3220 pervenias
700 3145 891 3207 monstrare
914 3142 1024 3205 velim.

236 3255 314 3318 Vim
342 3260 481 3336 propter
513 3274 610 3320 suam
644 3263 679 3321 et
710 3259 876 3323 rationem
911 3262 1174 3323 consentaneum
1209 3263 1264 3322 est

152 3375 184 3436 in
212 3374 334 3453 lingua,
369 3390 437 3453 qua
463 3373 635 3452 habitarit,
668 3381 844 3439 accentum
868 3376 1130 3454 exspiratorium
1155 3375 1265 3440 multa

152 3491 297 3580 vestigia
319 3495 354 3555 et
377 3491 497 3554 indicia
518 3490 703 3571 reliquisse.
749 3493 836 3556 Nam
859 3492 1017 3574 quoniam
1042 3480 1168 3570 majore
1185 3509 1262 3571 qua-

151 3609 229 3671 dam
253 3608 286 3670 vi
309 3614 367 3672 aer
388 3610 461 3670 tum
491 3624 534 3671 ex
558 3608 774 3687 pulmonibus
804 3610 997 3688 effunditur,
1031 3627 1134 3689 quum
1164 3608 1262 3688 sylla·

150 3726 228 3788 bam
253 3727 490 3788 accentuatam
521 3725 790 3804 pronuntiamus,
814 3745 915 3806 quam
939 3744 1042 3806 quum
1066 3732 1209 3803 ceteras,
1228 3728 1263 3788 et

148 3860 272 3906 sonum
296 3842 386 3906 illius
410 3841 552 3922 syllabae
574 3842 749 3906 clariorem
773 3844 814 3906 ad
839 3862 938 3907 aures
955 3845 1121 3924 pertinere
1140 3848 1175 3905 et
1191 3859 1262 3922 par·

151 3960 273 4023 ticulas
296 3960 372 4023 illas
398 3960 466 4023 oris
488 3963 524 4023 et
551 3959 710 4039 laryngis,
748 3961 871 4040 quibus
902 3979 1004 4041 quum
1029 3961 1120 4023 varie
1143 3958 1262 4037 utaris,

149 4092 311 4143 sonorum
334 4077 478 4141 eflicitur
500 4094 541 4143 ea
569 4078 730 4158 varietas
765 4095 867 4160 quam
898 4078 1046 4159 linguam
1070 4093 1147 4140 esso
1169 4077 1262 4142 intel·
